4692 6142
538 535 610 612 184
852 527 895 597 c,
922 523 971 596 G.
997 522 1109 600 Nara
1137 517 1558 599 chasamento.
1584 519 1631 594 de
1657 517 1875 622 Murrus,

541 722 818 819 „mah-vel
838 718 1170 837 oligospermae.
1232 716 1667 837 Receptacultttn
1699 697 2152 838 seminnmuultumj

403 862 408 868 ⁴
540 873 758 964 Semina
788 867 835 952 iu
866 863 1067 951 funiculo
1100 884 1289 959 setaceo,
1318 855 1560 955 secundum
1586 860 1865 954 valvularum
1893 869 2139 983 marginem
2164 891 2174 898 ‘

541 1017 685 1109 abasi
712 1007 1278 1120 adscendente,·appensa‚
1311 1001 1600 1088 albumine
1633 1030 1809 1104 crasso,
1836 1008 2141 1124 embryoue

552 1160 757 1259 inverso,
792 1147 1057 1236 radicula
1087 1173 1279 1259 supera,
1312 1141 1758 1256 cotyledonibus
1788 1122 1945 1264 planis.

658 1278 915 1380 Habitus.
988 1285 1183 1371 Arbores
1234 1314 1361 1401 saepe
1398 1309 1569 1392 vastae,
1623 1288 1813 1376 inermes
1858 1291 1930 1378 vel
1975 1295 2138 1382 aculeis

541 1437 948 1568 magnis'aapmatae,
992 1426 1425 1533 oleoso-resinosae,
1458 1428 1578 1516 loliis
1608 1431 1787 1521 alternis
1817 1414 2033 1551 spa'rsisve
2068 1473 2140 1525 ax·

542 1578 761 1695 stipularis
809 1572 1087 1690 simplicibus
1126 1571 1199 1659 vel
1250 1560 1649 1688 impari-pinnatis
1699 1576 1968 1671 duriusculis
2014 1613 2138 1698 saepe

544 1719 803 1839 glanduloso
820 1718 1070 1834 -punctatis
1086 1716 1370 1832 ser-ratisque,
1392 1715 1576 1803 floribus
1595 1720 1741 1832 parvis
1765 1719 2027 1842 paniculatis
2052 1724 2142 1842 pal·

543 1869 661 1954 lidis'.
699 1865 818 1951 Haec
839 1861 1008 1947 familia
1030 1857 1337 1945 aFraxiuellis
1358 1857 1683 1966 characteribus
1712 1861 1886 1949 traditis
1917 1865 2047 1955 facile
2078 1870 2141 1954 di-

541 2010 833 2126 gnoscitur,'a
852 2001 1237 2118 Terebinthac
1250 2001 1327 2089 eis
1351 2003 1597 2116 praesentia
1618 2004 1873 2111 albuminis,
1894 1989 2000 2093 alias
2020 2033 2139 2097 notas

543 2177 593 2240 ut
636 2177 882 2252 taceamus,
925 2145 1179 2262 discrepat3
1223 2176 1247 2230 a
1288 2145 1404 2250 veris
1444 2143 1760 2256 Diosmeis,
1811 2150 2003 2267 quaruni
2046 2151 2142 2242 viva

542 2324 686 2414 pauca
722 2291 1008 2378 solummodo
1040 2300 1201 2405 genera
1227 2289 1477 2414 examinare
1504 2289 1631 2375 nobis
1653 2291 1861 2403 contigit,
1894 2289 2046 2377 habitu
2064 2323 2141 2406 po-

543 2438 631 2524 tius
667 2463 803 2553 quam
832 2433 982 2518 multis
1020 2429 1269 2550 validisque
1296 2432 1447 2536 notis,
1481 2459 1506 2516 a
1535 2427 1875 2520 fructificatione
1902 2431 2138 2554 desumus,

507 2676 511 2685 ,
545 2581 776 2694 hucusque
790 2573 1059 2687 distinguere
1079 2572 1504 2687 Xanthoxyleas
1528 2574 1761 2662 valuimus.
1793 2573 2028 2666 Caeterum
2041 2598 2141 2661 nota

498 2754 506 2766 ·
547 2720 791 2810 certissima
821 2721 867 2805 in
899 2750 953 2806 eo
984 2719 1125 2834 posita
1156 2748 1247 2804 esse
1279 2715 1479 2826 videtur,
1512 2716 1637 2835 quod
1666 2717 1873 2804 semina
1901 2716 2139 2802 Diosme·

548 2892 719 2968 arum,
737 2883 855 2948 certe
878 2889 991 2977 quae
1010 2857 1123 2966 vidi,
1145 2858 1345 2944 omnium
1367 2891 1391 2944 e
1417 2887 1715 2946 coecorum
1735 2859 1953 2948 vertice
1979 2857 2140 2974 pende·

548 3029 724 3120 autope
747 3003 1090 3118 trophospermii
1111 3001 1259 3088 brevis
1280 3001 1458 3089 linearis
1475 3002 1806 3109 cristaeformis,
1848 3035 1900 3089 ex
1916 3003 2005 3118 ipsa
2027 3024 2141 3112 sutu-

512 3163 519 3176 '
547 3176 597 3232 ra
618 3141 1152 3257 coecorumprodeuntis,
1176 3173 1315 3260 quum
1332 3170 1483 3234 eontra
1504 3144 1626 3235 Xan
1641 3143 1939 3259 thoxylaae
1969 3141 2143 3258 tropho-

547 3296 744 3404 spermio
767 3283 970 3372 filiformi
992 3279 1233 3401 (funiculo)
1257 3308 1321 3371 sat
1340 3287 1489 3402 longo,
1518 3321 1541 3377 e
1569 3289 1688 3375 basi
1710 3313 1944 3374 coecorum
1966 3283 2141 3372 adscen-

547 3427 690 3536 denti,
710 3427 782 3517 vel
797 3424 978 3513 omnino
995 3427 1138 3514 libero
1154 3426 1225 3514 vel
1241 3425 1288 3512 in
1303 3427 1557 3545 ipsasutura
1569 3425 1843 3534 decurrenti,
1865 3415 2138 3515 adhaeream.

662 3568 734 3657 Ad
764 3569 875 3656 hanc
902 3567 1119 3656 familiam
1148 3569 1373 3684 pertinent
1402 3558 1562 3687 genera
1586 3581 1841 3692 sequentia:

1044 3751 1080 3804 ι.
1141 3717 1567 3836 Xanthoxylum
1596 3724 1648 3810 L‘.
1802 3706 1804 3716 ⁵

664 3871 819 3960 Floras
846 3870 997 3961 dioici.
1059 3867 1225 3957 Calix
1256 3870 1675 3992 quinquedentatus.
1737 3869 1986 3960 Corolla
2016 3867 2141 3954 nulla

543 4015 616 4103 vel
647 4011 1047 4130 tri-pentapetala,
1074 3997 1228 4101 erecto
1244 4040 1453 4132 ·patens,
1487 4015 1641 4131 petalis
1673 4013 1892 4101 concavis:

664 4156 823 4261 Maso.
870 4157 1116 4244 Stamina
1149 4157 1262 4266 tria,
1299 4183 1489 4280 quatuor
1529 4159 1621 4289 vel
1636 4159 1853 4276 quinque.

662 4297 698 4387 F
701 4329 816 4392 oem.
841 4297 1007 4421 Ovaria
1029 4299 1118 4388 duo
1139 4300 1197 4385 ad
1218 4305 1434 4422 quinque,
1467 4305 1513 4388 in
1540 4301 1674 4386 disro.
1711 4294 1854 4412 styli
1897 4293 2138 4383 fililormes.

546 4439 816 4554 Stigmata
860 4428 1060 4556 capitata.
1117 4437 1397 4558 Capsulaa
1428 4438 1753 4540 uniloculares,
1790 4454 2168 4552 monospermae‚‚

542 4577 753 4668 bivalves.

983 4733 1033 4809 a.
1082 4700 1480 4816 Ochroxylum
1509 4700 1690 4790 Schreh.

660 4847 821 4939 Calix
846 4849 1177 4972 quinquelidus.
1218 4852 1456 4941 Corolla
1475 4853 1794 4970 pentapetala,
1826 4847 1982 4986 petalis
2014 4844 2129 4934 infra

541 4991 714 5108 apicem
746 4993 960 5080 concavis.
1022 4993 1265 5131 Stamina
1292 4996 1504 5113 quinqua.
1566 4993 1825 5083 Annulus
1850 4989 2133 5081 subtrilobusr
