4692 6142
659 757 798 830 ‘Tertia
832 753 971 850 Aprilis
1009 753 1070 826 die
1097 775 1182 824 cum
1210 749 1541 825 Tamminckio
1565 761 1609 822 et
1631 751 2032 828 Licbtensteinio
2058 758 2169 830 Lon·

559 887 690 962 dinam
717 891 831 978 abiit,
864 888 930 960 ubt
957 887 1006 957 ab
1030 885 1200 958 omnibus
1224 886 1316 960 uiris
1344 885 1460 974 doctis
1482 883 1692 956 humaniter
1713 856 1968 980 acceptarent.
2017 889 2167 962 Omnes

560 1023 642 1096 iere
674 1049 761 1094 eum
795 1011 982 1093 donarunt
1008 1029 1073 1090 aua
1098 1030 1294 1116 apparatus
1319 1015 1450 1088 saltem
1474 1041 1559 1088 suos
1584 1030 1832 1112 aperuerunt,
1868 1032 1910 1091 ut
1935 1021 2071 1115 ubique
2098 1025 2165 1094 de·

556 1158 696 1236 lineare
730 1169 768 1228 et
804 1133 1015 1228 describere
1040 1165 1173 1248 posset.
1224 1151 1284 1223 lbi
1308 1175 1439 1225 sarcre
1463 1153 1649 1244 ingressus
1671 1164 1727 1224 est
1751 1153 1943 1226 historiam
1969 1179 2160 1235 mamma-

481 1381 483 1384 ·
557 1294 647 1364 lium
662 1345 672 1381 ,
708 1292 832 1364 arium
870 1301 906 1358 et
946 1288 1244 1382 amphibiorum,
1292 1309 1387 1380 quaa
1421 1286 1461 1356 iu
1491 1286 1600 1358 Nora
1638 1285 1841 1359 Heliandia
1875 1289 2029 1383 degunt,
2070 1316 2159 1362 con·

556 1417 744 1514 scribare,
787 1425 884 1518 quod
916 1443 1033 1515 opus,
1064 1418 1310 1513 iampridem
1344 1418 1509 1488 Baralini
1531 1430 1573 1488 et
1596 1417 1864 1492 Amstelcdami
1888 1422 2012 1492 multis
2036 1436 2153 1494 mate·

559 1561 624 1631 riis
651 1536 835 1646 collectis,
863 1557 1031 1649 sequenti
1054 1555 1180 1626 bieme
1205 1536 1357 1621 Parisiis
1382 1550 1563 1622 conficere
1588 1552 1780 1644 cogitabat.

591 1755 594 1762 ¹
656 1723 830 1814 Magnam
856 1675 995 1794 haruin
1022 1721 1232 1790 animalium
1269 1722 1410 1814 copiam
1447 1720 1609 1791 Londini
1644 1693 1799 1808 invenit,
1840 1741 1925 1788 cum
1960 1718 2152 1791 Linneana

558 1859 724 1926 ‘Societas
759 1854 1024 1947 amplissimum
1058 1853 1293 1944 animalium,
1328 1879 1378 1923 ex
1408 1845 1754 1928 Nova-‘Hottandta
1778 1851 1992 1943 attacorum,
2033 1881 2153 1949 appa-

559 2001 682 2058 ratum
714 1957 920 2082 possideat,
968 2011 1040 2080 quo
1075 1999 1269 2056 antaeum
1294 2011 1407 2057 namo
1431 1965 1633 2056 usus‘erat.
1684 1987 1789 2056 Intra
1813 2009 1948 2079 paucos
1972 1987 2050 2058 'dies
2076 1989 2155 2058 du-

559 2134 667 2192 centa
702 2121 838 2191 horum
871 2119 1082 2190 animalium
1120 2119 1311 2213 descripsit
1336 2131 1373 2189 et
1398 2121 1611 2215 ordinarit..
1645 2119 1791 2210 Etiam,
1829 2119 1927 2212 quod
1953 2121 1999 2190 ad
2024 2145 2152 2218 mont>

557 2256 727 2350 graphius
765 2255 810 2322 de
835 2253 1104 2323 falconibus
1138 2262 1177 2322 et
1201 2255 1447 2346 psittacis,
1477 2233 1771 2343 moxedendas,
1807 2251 2005 2345 attinebat,
2031 2250 2151 2349 (quai-

556 2414 641 2460 rum
669 2399 788 2457 autem
816 2389 923 2481 prior
948 2411 1021 2458 non
1049 2387 1147 2456 edita
1172 2399 1228 2456 est
1241 2386 1277 2484 ,)
1303 2384 1455 2457 multam
1482 2400 1519 2457 et
1537 2387 1762 2481 praeclaram
1782 2387 1975 2457 materiam
1995 2387 2147 2461 invenit:

553 2523 677 2593 Porro
713 2521 890 2592 notitiam
913 2522 982 2591 sibi
1007 2521 1151 2616 pararit
1188 2521 1351 2591 omnium
1378 2545 1527 2615 rerum,
1567 2546 1656 2619 quaa
1679 2532 1867 2617 postrema
1890 2520 2076 2617 expeditio
2100 2523 2149 2592 ed

552 2655 678 2750 polum
705 2655 1031 2754 septentrionalem
1055 2679 1168 2728 noras
1195 2655 1380 2726 attulerat.

651 2821 890 2891 Bibliotheca
921 2821 1159 2909 Banlrsiana,
1206 2821 1494 2915 locupletissima
1526 2845 1611 2894 sane
1652 2825 1815 2895 omnium
1849 2823 2052 2912 librorum,
2081 2821 2145 2916 qui

553 2957 602 3024 ad
638 2955 838 3026 historiam·
868 2967 1021 3024 naturae
1059 2965 1244 3051 spectant,
1281 2953 1320 3024 in
1356 2955 1425 3025 hac
1451 2958 1545 3028 urbe
1573 2959 1631 3046 ei,
1670 2967 1712 3027 ut
1735 2958 1874 3030 cunctis
1898 2955 2007 3028 huius
2032 2955 2163 3044 disci-⁴

554 3089 676 3196 plinae
703 3089 896 3177 studiosis,
925 3113 946 3157 a
969 3087 1062 3156 hora
1084 3089 1230 3158 decima
1253 3089 1303 3158 ad
1329 3090 1603 3183 quartamsusui
1627 3089 1710 3161 tuit

653 3257 757 3327 Inter
781 3258 941 3350 picturas
962 3255 1144 3346 lineares,
1175 3281 1197 3325 a
1220 3258 1442 3332 Forstcro
1469 3271 1507 3330 et
1530 3258 1734 3330 Banksic
1758 3255 1840 3352 ipso
1858 3257 1986 3349 factas,
2014 3247 2144 3328 multas

556 3403 595 3460 et
621 3413 752 3484 graves
778 3389 918 3463 invenit
944 3410 1027 3480 res,
1063 3389 1200 3484 quibus
1226 3391 1334 3484 plura
1359 3392 1478 3463 adhuc
1504 3393 1614 3475 dubie
1637 3390 1782 3463 sublata
1805 3402 1900 3461 sunt.

654 3556 736 3627 Hac
767 3557 805 3626 in
839 3555 1063 3656 bibliotheca
1100 3558 1210 3630 etiarn
1235 3581 1425 3651 aggressus
1447 3571 1505 3631 est
1535 3556 1702 3630 Faunum
1726 3556 1891 3628 Indicam
1915 3554 2144 3628 conscriben-

551 3694 661 3782 dam,
700 3717 773 3785 qua
798 3693 897 3762 socia
924 3694 1007 3764 viae
1030 3704 1071 3763 ct
1096 3694 1189 3764 duce
1213 3694 1253 3762 in
1277 3692 1452 3784 coloniis,
1487 3717 1510 3762 a
1534 3715 1574 3764 se
1599 3688 1775 3762 adeundis
1783 3741 1796 3781 ,
1823 3700 2002 3759 uteretur.

554 3815 563 3924 '⁴
649 3825 779 3898 Aditus
813 3825 860 3894 ad
885 3801 1066 3916 ‚museum
1103 3823 1493 3916 Bulloclrianum,
1532 3826 1633 3918 quod
1665 3835 1755 3893 tunc
1790 3844 1886 3899 tatto
1923 3821 2142 3913 ponebatur,

551 3933 728 4052 quotidid
750 3958 795 4024 ab
828 3957 923 4024 hora
957 3957 1098 4028 decima
1124 3981 1240 4052 usque
1266 3959 1311 4028 ad
1337 3959 1502 4052 quintam
1527 3969 1608 4028 erat
1631 3927 1849 4048 concessus,
1875 3956 1976 4051 qnod
2000 3965 2144 4047 tempus

533 4093 589 4160 ein
624 4114 669 4158 ec
704 4090 904 4158 consumsit
934 4087 1094 4158 Kuhlius
1129 4103 1258 4166 noster
1271 4141 1282 4181 ,
1318 4103 1361 4161 ut
1390 4094 1428 4162 in
1462 4091 1688 4186 praeclaram
1714 4113 1840 4162 rerum
1866 4087 2144 4164 vendendarum

425 4221 429 4230 '
550 4223 698 4314 copiam
725 4197 931 4338 iuquipcret
956 4245 1128 4316 novaque
1154 4224 1381 4296 describeret
1404 4239 1443 4297 et
1469 4229 1687 4299 nominaret.

602 4391 605 4396 ·
647 4353 760 4443 Quod
785 4353 830 4421 ad
857 4353 1067 4458 mamuralia
1086 4356 1286 4447 attinebat,
1327 4361 1366 4428 in
1390 4384 1518 4432 musso
1542 4361 1609 4431 illo
1633 4383 1752 4453 pauca
1777 4341 2004 4448 adfuerunt,
2043 4377 2138 4450 quae

550 4489 670 4558 adhuc
701 4499 827 4558 essent
853 4488 1002 4580 ignota,
1030 4489 1152 4562 avium
1179 4501 1301 4561 autem
1329 4491 1468 4584 plures,
1501 4479 1612 4587 quarn
1637 4505 1785 4565 centum
1809 4493 1951 4586 species
1975 4490 2029 4561 ibi
2046 4486 2144 4558 defi·

450 4663 451 4668 κ
548 4622 643 4714 uiuit
668 4619 942 4714 multarumque
971 4622 1091 4692 minus
1116 4637 1289 4694 notarum
1308 4625 1578 4724 'descriptiones
1603 4627 1779 4700 meliores
1804 4623 2018 4719 composuit.

648 4758 839 4828 Laudibus
867 4755 1001 4826 extulit
1023 4756 1289 4831 humanitatem
1304 4755 1406 4832 'clari
1422 4760 1610 4855 praefecti
1633 4761 1734 4832 horti
1759 4758 1922 4832 botanici
1947 4761 2144 4827 Kamen-

548 4889 813 4985 sis—Etiam
842 4891 1006 4962 occurrit
1036 4857 1200 4959 Londini
1232 4885 1522 4974 Candollic,
1569 4886 1633 4977 qui
1663 4883 1845 4956 berberiis
1878 4878 2070 4952 Smithii
2107 4888 2145 4946 et

548 5023 765 5094 Brownii
790 5025 834 5094 ad
861 5049 1029 5117 magnum
1057 5045 1164 5092 suum
1192 5046 1282 5115 opus
1308 5032 1396 5090 tunc
1424 5021 1607 5092 utebatur.
