4692 6142
579 539 678 596 1¹le

575 749 741 821 coloniae
774 745 1030 840 Buitenzorg,
1067 745 1106 818 in
1137 743 1249 820 lava
1282 745 1403 820 insula
1438 748 1553 837 uitae,
1589 747 1825 822 illustrantes.
1882 753 1990 846 Quae
2017 748 2175 843 cuncta,

575 907 626 956 ex
639 881 770 954 litteris
784 879 1095 976 peregrinantium
1114 879 1256 972 haustu,
1279 883 1413 977 partim
1428 883 1467 953 iu
1477 880 1589 972 libro,
1612 881 1710 954 inire
1722 884 1896 976 indicato,
1916 886 2176 958 inveniuntur.

922 1245 1075 1331 Kuhlii
1108 1245 1283 1361 Opera,
1326 1245 1439 1360 typis
1469 1274 1649 1348 excusa,
1690 1269 1813 1330 sunt:

637 1489 682 1538 -ι,
708 1465 787 1538 Die
812 1465 1012 1537 deutschen
1037 1466 1315 1537 Flcdermiiuse.
1341 1461 1547 1558 (Annalem
1570 1464 1639 1535 der
1667 1423 1991 1539 Wetterauisclren
2019 1467 2172 1539 Gerell-

522 1600 524 1604 ·
572 1567 713 1665 sebast.
749 1574 830 1654 tter
855 1565 982 1636 Brund.
1034 1567 1251 1660 frankfurt
1275 1591 1312 1636 a.
1339 1563 1395 1636 M
1425 1567 1531 1657 1819.

674 1723 708 1776 u.
745 1698 951 1793 Responsio
986 1699 1031 1766 ad
1068 1699 1343 1792 quaestionem,
1379 1697 1426 1766 eb
1460 1694 1589 1768 ordine
1622 1695 1896 1789 disciplinarum
1929 1699 2174 1770 mathemati·

572 1822 699 1874 aarum
737 1812 775 1870 et
799 1798 1037 1891 physicorum.
1058 1799 1303 1892 propositam:
1338 1797 1452 1876 Cum,
1480 1795 1567 1864 licet
1581 1794 1747 1872 Naturae
1763 1819 1920 1891 corpora
1935 1799 2038 1870 vario
2051 1799 2171 1869 modo

570 1902 670 1972 inter
700 1921 739 1969 se
773 1895 966 1986 differant,
1010 1920 1058 1967 ex
1082 1898 1154 1968 huo
1179 1920 1293 1990 usque
1319 1897 1472 1988 cognitis
1499 1894 1816 1968 observationibus
1840 1910 1967 1968 tamen
1991 1910 2167 1977 constare

554 1999 763 2087 ,rideatur,
796 1998 853 2066 ita
878 2007 1126 2088 comparatam
1162 2021 1241 2067 esse
1268 2019 1392 2094 rerum
1419 1995 1624 2084 Naturam,
1668 2009 1711 2064 ut
1735 1996 1833 2067 lento
1858 1997 1960 2091 quasi
1986 2021 2094 2092 passu
2121 2001 2172 2068 ab

484 2129 487 2134 ¹
572 2121 647 2170 nno
680 2097 801 2192 specie
823 2095 880 2164 ‘ad
918 2096 1071 2167 alteram
1103 2095 1382 2190 progrediatur,
1419 2105 1528 2187 atque
1555 2096 1607 2163 sic
1638 2098 1848 2165 continuam
1875 2100 1975 2191 quasi
2000 2111 2170 2168 catenam

573 2195 723 2286 efficiat,
751 2219 798 2264 ex
824 2193 933 2268 variis
961 2196 1106 2288 quidem
1134 2195 1297 2285 annulis,
1324 2196 1453 2264 intime
1477 2208 1599 2264 temen
1621 2196 1767 2282 iunctis,
1795 2199 2046 2288 compositum,
2074 2197 2169 2265 haec

574 2304 703 2366 catena
743 2296 781 2365 in
812 2293 1066 2368 Mammalium
1104 2295 1219 2363 classe
1256 2294 1539 2364 demonstranda
1579 2296 1780 2387 quaeritur.
1840 2295 2024 2389 (Annales
2053 2294 2171 2366 Acad.

573 2394 694 2465 Gron.
728 2393 1001 2486 1816-1817.
1043 2395 1162 2464 Gron.
1194 2394 1326 2487 1818.)

572 2579 574 2582 -
622 2531 627 2534 ’
678 2527 712 2596 5.
746 2527 972 2622 Conspectus
999 2527 1244 2597 Psittecorum
1271 2549 1354 2594 eum
1379 2526 1582 2618 specierum
1596 2523 1881 2616 delinitionibus,
1905 2547 2085 2598 novarum
2106 2527 2172 2596 de-

570 2626 855 2720 scriptionibus,
884 2628 1116 2720 synonymis,
1152 2637 1190 2695 et
1216 2627 1316 2696 circu
1347 2625 1504 2718 patriam
1541 2625 1765 2716 singularum
1803 2623 2007 2697 naturalem
2039 2627 2172 2701 adver-

572 2726 702 2816 sariis,
739 2725 882 2796 adiecto
907 2727 1028 2796 indice
1054 2725 1295 2811 Moesorum,
1322 2726 1388 2797 ubi
1413 2747 1540 2796 earum
1559 2723 1778 2795 artificiosae
1793 2728 1945 2798 exuviae
1958 2735 2167 2796 serrantur.

570 2819 695 2916 (Nova
719 2823 811 2896 Actu
836 2823 1177 2920 Physico-Modica
1201 2823 1311 2898 Acad.
1336 2819 1443 2898 Caes.
1469 2823 1585 2918 Leop.
1612 2824 1698 2896 Car.
1716 2823 1800 2894 Nat.
1820 2820 1967 2896 Curios.
1994 2825 2104 2898 Turn.
2118 2825 2169 2896 X.

572 2921 664 2994 Pars
690 2922 719 2994 Ι.
744 2948 779 3016 p.
810 2933 982 3011 11-104.
1036 2925 1188 2995 Bounae
1217 2920 1351 3020 1820.)

674 3061 709 3140 4.
746 3053 929 3148 Beitrir'ge
954 3079 1023 3125 zur
1051 3055 1241 3150 Zoologie.
1290 3055 1769 3150 Franlfa.M18uo.4

660 3167 709 3256 ¹⁸5.
736 3184 920 3278 Beitrti'ge
954 3209 1023 3256 zur
1058 3188 1368 3288 vergleichendcn
1401 3186 1609 3260 Anotomic
1643 3212 1716 3261 von
1750 3190 1824 3259 Dr.
1850 3213 1927 3261 von
1960 3190 2164 3261 Hosselt

573 3310 608 3358 u.
635 3285 710 3356 Dr.
736 3283 872 3358 Kuht
897 3285 1055 3380 Franks.
1082 3313 1117 3357 a.
1145 3289 1201 3358 M.
1232 3290 1387 3373 isses,

676 3420 712 3488 6.
740 3415 903 3488 Buffonii
930 3431 966 3488 et
993 3419 1244 3490 Dnubentonii
1272 3420 1489 3512 Figuratum
1514 3421 1637 3490 avium
1663 3419 1907 3491 coloratorum
1935 3425 2082 3493 nomina
2107 3448 2165 3516 sy·

561 3515 770 3598 stemntioa.
822 3517 981 3612 Collegit
1007 3518 1193 3589 Henricus
1221 3519 1343 3607 Kuhl,
1371 3519 1486 3588 Meth.
1512 3516 1634 3612 Mag,
1662 3517 1757 3588 Phil.
1782 3519 1867 3588 Nat.
1895 3521 2047 3594 Ductor.
2073 3523 2165 3591 Edi-

573 3615 652 3706 dit,
691 3615 919 3710 praelatione
953 3630 990 3687 et
1020 3618 1201 3688 indicibus
1233 3620 1336 3688 auxit
1368 3617 1590 3688 Theodorus
1623 3642 1693 3689 ran
1719 3618 1955 3711 Swinderen,
1992 3622 2031 3690 in
2062 3621 2172 3695 Ace.

573 3715 695 3788 demin
720 3715 960 3809 Groninguna
985 3715 1182 3789 Professor
1208 3719 1426 3789 ordinarius.
1478 3716 1596 3786 Gron.
1629 3717 1839 3788 1820.F01.

676 3847 892 3920 [merescere
926 3850 983 3920 uit
1019 3847 1170 3922 brieven
1202 3877 1280 3924 van
1312 3853 1360 3925 de
1393 3851 1548 3921 Horren
1572 3850 1680 3920 Kulrl
1702 3876 1748 3922 en
1773 3876 1850 3921 van
1875 3851 2054 3942 Hasselt,
2082 3877 2162 3923 non

570 3947 617 4016 de
653 3947 808 4019 Heeren
839 3949 877 4021 C.
905 3949 939 4018 J.
974 3947 1209 4041 Temminclr,
1245 3950 1314 4042 Tu.
1341 3975 1417 4023 uon
1442 3949 1678 4042 Swiudereu,
1715 3951 1776 4038 W
1803 3953 1850 4020 de
1875 3953 2019 4043 Hoan,
2045 3953 2100 4024 D.
2128 3951 2161 4022 Ι.

568 4069 647 4118 uun
671 4045 833 4142 Ewijck,
860 4048 914 4116 H.
940 4049 1112 4120 Boieen
1139 4049 1183 4120 Z.
1209 4049 1257 4121 E.
1283 4053 1356 4121 den
1385 4050 1566 4120 Minister
1590 4072 1684 4120 νοω·
1709 4050 1770 4120 het
1795 4051 1991 4143 epembaer
2019 4053 2161 4122 Ouden-

568 4143 672 4239 uu‘jr,
706 4145 753 4214 de
787 4144 992 4219 Nationale
1029 4149 1254 4241 Nijoerlreid
1276 4174 1323 4220 en
1348 4150 1394 4218 de
1418 4149 1616 4221 Kolonien.
1651 4149 1884 4242 (Getrolrlren
1908 4152 1964 4221 uit
1989 4151 2061 4222 den
2082 4151 2164 4224 All·

564 4264 767 4340 gcmeanen
788 4245 947 4318 Konst-
972 4271 1019 4330 am
1043 4247 1287 4338 Leuterbodc.
1319 4251 1424 4319 1822.
1461 4250 1533 4321 Nr.
1558 4249 1598 4341 6,
1626 4269 1663 4340 7,
1692 4253 1728 4342 8,
1756 4272 1781 4345 9
1806 4274 1853 4322 en
1882 4251 1956 4344 ιο.)
1975 4253 2009 4322 8.

1185 4654 1552 4686 Ἣ·-
