<?xml version="1.0" encoding="UTF-8"?>
<!DOCTYPE html PUBLIC "-//W3C//DTD XHTML 1.0 Transitional//EN"
    "http://www.w3.org/TR/xhtml1/DTD/xhtml1-transitional.dtd">
<html xmlns="http://www.w3.org/1999/xhtml" xml:lang="en" lang="en">
 <head>
  <title>
</title>
<meta http-equiv="Content-Type" content="text/html;charset=utf-8" />
  <meta name='ocr-system' content='tesseract 3.04.00' />
  <meta name='ocr-capabilities' content='ocr_page ocr_carea ocr_par ocr_line ocrx_word'/>
</head>
<body>
  <div class='ocr_page' id='page_1' title='image "./novaactaphysico03curigoog/novaactaphysico03curigoog_0021.png"; bbox 0 0 4692 6142; ppageno 0'>
   <div class='ocr_carea' id='block_1_1' title="bbox 1773 565 1821 618">
    <p class='ocr_par' dir='ltr' id='par_1_1' title="bbox 1773 565 1821 618">
     <span class='ocr_line' id='line_1_1' title="bbox 1773 565 1821 618; baseline -0.042 0"><span class='ocrx_word' id='word_1_1' title='bbox 1773 565 1821 618; x_wconf 77' lang='lat' dir='ltr'><strong>Xl</strong></span> 
     </span>
    </p>
   </div>
   <div class='ocr_carea' id='block_1_2' title="bbox 144 737 1828 1240">
    <p class='ocr_par' dir='ltr' id='par_1_2' title="bbox 144 737 1828 1240">
     <span class='ocr_line' id='line_1_2' title="bbox 238 737 1828 845; baseline 0.008 -41"><span class='ocrx_word' id='word_1_2' title='bbox 238 795 242 804; x_wconf 94' lang='lat'>.</span> <span class='ocrx_word' id='word_1_3' title='bbox 329 739 438 819; x_wconf 68' lang='lat' dir='ltr'><strong>&#39;h-</strong></span> <span class='ocrx_word' id='word_1_4' title='bbox 459 739 499 816; x_wconf 78' lang='lat' dir='ltr'><strong>id</strong></span> <span class='ocrx_word' id='word_1_5' title='bbox 524 761 669 845; x_wconf 77' lang='lat' dir='ltr'><strong>qnoque</strong></span> <span class='ocrx_word' id='word_1_6' title='bbox 694 737 1000 820; x_wconf 77' lang='lat' dir='ltr'><strong>considerandum</strong></span> <span class='ocrx_word' id='word_1_7' title='bbox 1012 789 1024 830; x_wconf 89' lang='lat'><strong>,</strong></span> <span class='ocrx_word' id='word_1_8' title='bbox 1054 737 1153 834; x_wconf 85' lang='lat' dir='ltr'><strong>quod</strong></span> <span class='ocrx_word' id='word_1_9' title='bbox 1185 739 1355 834; x_wconf 68' lang='lat' dir='ltr'><strong>symboli</strong></span> <span class='ocrx_word' id='word_1_10' title='bbox 1376 741 1496 812; x_wconf 85' lang='lat' dir='ltr'><strong>nostri</strong></span> <span class='ocrx_word' id='word_1_11' title='bbox 1519 754 1595 834; x_wconf 88' lang='lat' dir='ltr'><strong>est,</strong></span> <span class='ocrx_word' id='word_1_12' title='bbox 1629 751 1674 814; x_wconf 89' lang='lat' dir='ltr'><strong>nt</strong></span> <span class='ocrx_word' id='word_1_13' title='bbox 1697 768 1828 842; x_wconf 81' lang='lat' dir='ltr'><strong>omnes</strong></span> 
     </span>
     <span class='ocr_line' id='line_1_3' title="bbox 228 841 1824 974; baseline 0.001 -28"><span class='ocrx_word' id='word_1_14' title='bbox 228 877 407 974; x_wconf 78' lang='lat' dir='ltr'><strong>Collegae</strong></span> <span class='ocrx_word' id='word_1_15' title='bbox 446 899 674 970; x_wconf 77' lang='lat' dir='ltr'><strong>numquam</strong></span> <span class='ocrx_word' id='word_1_16' title='bbox 700 861 843 944; x_wconf 85' lang='lat' dir='ltr'><strong>otiosi</strong></span> <span class='ocrx_word' id='word_1_17' title='bbox 865 872 1124 966; x_wconf 70' lang='lat' dir='ltr'><strong>uoluminum,</strong></span> <span class='ocrx_word' id='word_1_18' title='bbox 1153 896 1223 968; x_wconf 81' lang='lat' dir='ltr'><strong>per</strong></span> <span class='ocrx_word' id='word_1_19' title='bbox 1247 897 1366 947; x_wconf 85' lang='lat' dir='ltr'><strong>annos</strong></span> <span class='ocrx_word' id='word_1_20' title='bbox 1391 874 1554 972; x_wconf 78' lang='lat' dir='ltr'><strong>singulos</strong></span> <span class='ocrx_word' id='word_1_21' title='bbox 1580 841 1824 974; x_wconf 79' lang='lat' dir='ltr'><strong>edendorum,</strong></span> 
     </span>
     <span class='ocr_line' id='line_1_4' title="bbox 227 1009 1826 1110; baseline -0.001 -24"><span class='ocrx_word' id='word_1_22' title='bbox 227 1037 354 1086; x_wconf 86' lang='lat' dir='ltr'><strong>curam</strong></span> <span class='ocrx_word' id='word_1_23' title='bbox 398 1021 527 1106; x_wconf 82' lang='lat' dir='ltr'><strong>gerant</strong></span> <span class='ocrx_word' id='word_1_24' title='bbox 569 1009 808 1109; x_wconf 72' lang='lat' dir='ltr'><strong>tribuantque</strong></span> <span class='ocrx_word' id='word_1_25' title='bbox 858 1009 996 1106; x_wconf 84' lang='lat' dir='ltr'><strong>optima</strong></span> <span class='ocrx_word' id='word_1_26' title='bbox 1041 1032 1283 1106; x_wconf 84' lang='lat' dir='ltr'><strong>quaecunque</strong></span> <span class='ocrx_word' id='word_1_27' title='bbox 1316 1035 1404 1103; x_wconf 82' lang='lat' dir='ltr'><strong>sna,</strong></span> <span class='ocrx_word' id='word_1_28' title='bbox 1458 1034 1553 1108; x_wconf 88' lang='lat' dir='ltr'><strong>quae</strong></span> <span class='ocrx_word' id='word_1_29' title='bbox 1589 1011 1699 1108; x_wconf 83' lang='lat' dir='ltr'><strong>digna</strong></span> <span class='ocrx_word' id='word_1_30' title='bbox 1737 1015 1826 1110; x_wconf 85' lang='lat' dir='ltr'><strong>ipsis</strong></span> 
     </span>
     <span class='ocr_line' id='line_1_5' title="bbox 144 1142 1447 1240; baseline -0.006 -17"><span class='ocrx_word' id='word_1_31' title='bbox 144 1143 157 1170; x_wconf 86' lang='lat'><strong><em>‘</em></strong></span> <span class='ocrx_word' id='word_1_32' title='bbox 228 1151 441 1239; x_wconf 78' lang='lat' dir='ltr'><strong>rideantur,</strong></span> <span class='ocrx_word' id='word_1_33' title='bbox 469 1145 509 1216; x_wconf 91' lang='lat' dir='ltr'><strong>iu</strong></span> <span class='ocrx_word' id='word_1_34' title='bbox 534 1145 592 1215; x_wconf 90' lang='lat' dir='ltr'><strong>his</strong></span> <span class='ocrx_word' id='word_1_35' title='bbox 617 1155 660 1214; x_wconf 88' lang='lat' dir='ltr'><strong>ut</strong></span> <span class='ocrx_word' id='word_1_36' title='bbox 685 1148 869 1239; x_wconf 86' lang='lat' dir='ltr'><strong>prodeant</strong></span> <span class='ocrx_word' id='word_1_37' title='bbox 893 1157 930 1216; x_wconf 85' lang='lat' dir='ltr'><strong>et</strong></span> <span class='ocrx_word' id='word_1_38' title='bbox 954 1142 1095 1240; x_wconf 78' lang='lat' dir='ltr'><strong>gloriae</strong></span> <span class='ocrx_word' id='word_1_39' title='bbox 1120 1145 1195 1216; x_wconf 85' lang='lat' dir='ltr'><strong>sint</strong></span> <span class='ocrx_word' id='word_1_40' title='bbox 1217 1144 1447 1239; x_wconf 73' lang='lat' dir='ltr'><strong>Academiae.</strong></span> 
     </span>
    </p>
   </div>
   <div class='ocr_carea' id='block_1_3' title="bbox 220 1310 1919 2213">
    <p class='ocr_par' dir='ltr' id='par_1_3' title="bbox 220 1310 1919 2213">
     <span class='ocr_line' id='line_1_6' title="bbox 326 1310 1825 1408; baseline 0.001 -25"><span class='ocrx_word' id='word_1_41' title='bbox 326 1313 434 1405; x_wconf 88' lang='lat' dir='ltr'><strong>Quae</strong></span> <span class='ocrx_word' id='word_1_42' title='bbox 468 1312 500 1382; x_wconf 84' lang='lat' dir='ltr'><strong>sl</strong></span> <span class='ocrx_word' id='word_1_43' title='bbox 533 1311 738 1406; x_wconf 75' lang='lat' dir='ltr'><strong>prudenter</strong></span> <span class='ocrx_word' id='word_1_44' title='bbox 772 1310 1046 1405; x_wconf 72' lang='lat' dir='ltr'><strong>ponderantur,</strong></span> <span class='ocrx_word' id='word_1_45' title='bbox 1078 1311 1119 1384; x_wconf 91' lang='lat' dir='ltr'><strong>id</strong></span> <span class='ocrx_word' id='word_1_46' title='bbox 1153 1311 1324 1408; x_wconf 83' lang='lat' dir='ltr'><strong>profecto</strong></span> <span class='ocrx_word' id='word_1_47' title='bbox 1356 1310 1509 1386; x_wconf 85' lang='lat' dir='ltr'><strong>maximi</strong></span> <span class='ocrx_word' id='word_1_48' title='bbox 1537 1313 1825 1386; x_wconf 80' lang='lat' dir='ltr'><strong>existimandum</strong></span> 
     </span>
     <span class='ocr_line' id='line_1_7' title="bbox 224 1444 1825 1541; baseline -0.001 -20"><span class='ocrx_word' id='word_1_49' title='bbox 224 1457 280 1522; x_wconf 85' lang='lat' dir='ltr'><strong>est</strong></span> <span class='ocrx_word' id='word_1_50' title='bbox 306 1459 344 1520; x_wconf 88' lang='lat' dir='ltr'><strong>et</strong></span> <span class='ocrx_word' id='word_1_51' title='bbox 368 1469 533 1518; x_wconf 85' lang='lat' dir='ltr'><strong>summae</strong></span> <span class='ocrx_word' id='word_1_52' title='bbox 560 1444 761 1540; x_wconf 78' lang='lat' dir='ltr'><strong>sapientiae</strong></span> <span class='ocrx_word' id='word_1_53' title='bbox 785 1457 895 1541; x_wconf 85' lang='lat' dir='ltr'><strong>utque</strong></span> <span class='ocrx_word' id='word_1_54' title='bbox 920 1447 1157 1518; x_wconf 82' lang='lat' dir='ltr'><strong>humanitatis</strong></span> <span class='ocrx_word' id='word_1_55' title='bbox 1172 1447 1450 1538; x_wconf 75' lang='lat' dir='ltr'><strong>documentum,</strong></span> <span class='ocrx_word' id='word_1_56' title='bbox 1467 1447 1618 1519; x_wconf 75' lang='lat' dir='ltr'><strong>aliana</strong></span> <span class='ocrx_word' id='word_1_57' title='bbox 1633 1447 1825 1520; x_wconf 68' lang='lat' dir='ltr'><strong>coenan</strong></span> 
     </span>
     <span class='ocr_line' id='line_1_8' title="bbox 222 1579 1919 1697; baseline -0.001 -42"><span class='ocrx_word' id='word_1_58' title='bbox 222 1601 390 1657; x_wconf 81' lang='lat' dir='ltr'><strong>rrssruo</strong></span> <span class='ocrx_word' id='word_1_59' title='bbox 423 1592 477 1651; x_wconf 47' lang='lat' dir='ltr'><strong>,et</strong></span> <span class='ocrx_word' id='word_1_60' title='bbox 501 1580 550 1650; x_wconf 87' lang='lat' dir='ltr'><strong>ab</strong></span> <span class='ocrx_word' id='word_1_61' title='bbox 584 1580 738 1697; x_wconf 61' lang='lat' dir='ltr'><strong>egrepiis</strong></span> <span class='ocrx_word' id='word_1_62' title='bbox 781 1597 874 1652; x_wconf 86' lang='lat' dir='ltr'><strong>n1us</strong></span> <span class='ocrx_word' id='word_1_63' title='bbox 905 1579 1149 1689; x_wconf 20' lang='lat' dir='ltr'><strong>Mlinistris</strong></span> <span class='ocrx_word' id='word_1_64' title='bbox 1188 1581 1418 1675; x_wconf 84' lang='lat' dir='ltr'><strong>profectum,</strong></span> <span class='ocrx_word' id='word_1_65' title='bbox 1463 1583 1567 1678; x_wconf 85' lang='lat' dir='ltr'><strong>quod</strong></span> <span class='ocrx_word' id='word_1_66' title='bbox 1597 1593 1730 1656; x_wconf 84' lang='lat' dir='ltr'><strong>cuncta</strong></span> <span class='ocrx_word' id='word_1_67' title='bbox 1762 1606 1823 1675; x_wconf 78' lang='lat' dir='ltr'><strong>eo,</strong></span> <span class='ocrx_word' id='word_1_68' title='bbox 1908 1600 1919 1608; x_wconf 75' lang='grc'><strong><em>’</em></strong></span> 
     </span>
     <span class='ocr_line' id='line_1_9' title="bbox 223 1713 1871 1823; baseline 0.001 -32"><span class='ocrx_word' id='word_1_69' title='bbox 223 1747 318 1823; x_wconf 82' lang='lat' dir='ltr'><strong>quae</strong></span> <span class='ocrx_word' id='word_1_70' title='bbox 351 1720 390 1788; x_wconf 91' lang='lat' dir='ltr'><strong>in</strong></span> <span class='ocrx_word' id='word_1_71' title='bbox 428 1713 665 1787; x_wconf 80' lang='lat' dir='ltr'><strong>Academiam</strong></span> <span class='ocrx_word' id='word_1_72' title='bbox 700 1713 834 1786; x_wconf 85' lang='lat' dir='ltr'><strong>collata</strong></span> <span class='ocrx_word' id='word_1_73' title='bbox 867 1716 1065 1808; x_wconf 80' lang='lat' dir='ltr'><strong>videmus,</strong></span> <span class='ocrx_word' id='word_1_74' title='bbox 1115 1718 1216 1788; x_wconf 86' lang='lat' dir='ltr'><strong>bona</strong></span> <span class='ocrx_word' id='word_1_75' title='bbox 1248 1733 1396 1788; x_wconf 70' lang='lat' dir='ltr'><strong>nonum</strong></span> <span class='ocrx_word' id='word_1_76' title='bbox 1432 1738 1572 1812; x_wconf 87' lang='lat' dir='ltr'><strong>opera,</strong></span> <span class='ocrx_word' id='word_1_77' title='bbox 1618 1717 1829 1810; x_wconf 76' lang='lat' dir='ltr'><strong>priscarum</strong></span> <span class='ocrx_word' id='word_1_78' title='bbox 1868 1794 1871 1798; x_wconf 11' lang='lat' dir='ltr'><em>A</em></span> 
     </span>
     <span class='ocr_line' id='line_1_10' title="bbox 221 1839 1911 1954; baseline -0.003 -25"><span class='ocrx_word' id='word_1_79' title='bbox 221 1861 344 1954; x_wconf 86' lang='lat' dir='ltr'><strong>legum</strong></span> <span class='ocrx_word' id='word_1_80' title='bbox 380 1839 653 1925; x_wconf 80' lang='lat' dir='ltr'><strong>observantiam</strong></span> <span class='ocrx_word' id='word_1_81' title='bbox 686 1873 763 1921; x_wconf 88' lang='lat' dir='ltr'><strong>non</strong></span> <span class='ocrx_word' id='word_1_82' title='bbox 796 1851 910 1922; x_wconf 91' lang='lat' dir='ltr'><strong>modo</strong></span> <span class='ocrx_word' id='word_1_83' title='bbox 944 1874 1018 1922; x_wconf 89' lang='lat' dir='ltr'><strong>non</strong></span> <span class='ocrx_word' id='word_1_84' title='bbox 1055 1851 1266 1926; x_wconf 85' lang='lat' dir='ltr'><strong>convellant</strong></span> <span class='ocrx_word' id='word_1_85' title='bbox 1299 1849 1359 1924; x_wconf 85' lang='lat' dir='ltr'><strong>vel</strong></span> <span class='ocrx_word' id='word_1_86' title='bbox 1384 1850 1558 1940; x_wconf 86' lang='lat' dir='ltr'><strong>laedant,</strong></span> <span class='ocrx_word' id='word_1_87' title='bbox 1594 1851 1660 1921; x_wconf 87' lang='lat' dir='ltr'><strong>sed</strong></span> <span class='ocrx_word' id='word_1_88' title='bbox 1685 1853 1828 1946; x_wconf 70' lang='lat' dir='ltr'><strong>poam,</strong></span> <span class='ocrx_word' id='word_1_89' title='bbox 1908 1945 1911 1948; x_wconf 68' lang='lat'><strong>.</strong></span> 
     </span>
     <span class='ocr_line' id='line_1_11' title="bbox 220 1981 1825 2080; baseline -0.007 -13"><span class='ocrx_word' id='word_1_90' title='bbox 220 1996 352 2068; x_wconf 85' lang='lat' dir='ltr'><strong>iisdem</strong></span> <span class='ocrx_word' id='word_1_91' title='bbox 379 1985 520 2080; x_wconf 81' lang='lat' dir='ltr'><strong>legibus</strong></span> <span class='ocrx_word' id='word_1_92' title='bbox 554 1981 732 2055; x_wconf 85' lang='lat' dir='ltr'><strong>submissa</strong></span> <span class='ocrx_word' id='word_1_93' title='bbox 754 1985 900 2076; x_wconf 89' lang='lat' dir='ltr'><strong>omnia,</strong></span> <span class='ocrx_word' id='word_1_94' title='bbox 928 1985 1075 2056; x_wconf 82' lang='lat' dir='ltr'><strong>disertis</strong></span> <span class='ocrx_word' id='word_1_95' title='bbox 1107 1985 1274 2080; x_wconf 88' lang='lat' dir='ltr'><strong>ipsorum</strong></span> <span class='ocrx_word' id='word_1_96' title='bbox 1301 1985 1584 2057; x_wconf 80' lang='lat' dir='ltr'><strong>benefactorum</strong></span> <span class='ocrx_word' id='word_1_97' title='bbox 1609 1984 1741 2060; x_wconf 72' lang='lat' dir='ltr'><strong>verbis</strong></span> <span class='ocrx_word' id='word_1_98' title='bbox 1761 1998 1825 2064; x_wconf 72' lang='lat' dir='ltr'><strong>aaa</strong></span> 
     </span>
     <span class='ocr_line' id='line_1_12' title="bbox 225 2117 1102 2213; baseline -0.005 -19"><span class='ocrx_word' id='word_1_99' title='bbox 225 2120 484 2194; x_wconf 85' lang='lat' dir='ltr'><strong>commendare</strong></span> <span class='ocrx_word' id='word_1_100' title='bbox 510 2127 620 2213; x_wconf 87' lang='lat' dir='ltr'><strong>atque</strong></span> <span class='ocrx_word' id='word_1_101' title='bbox 645 2117 869 2190; x_wconf 85' lang='lat' dir='ltr'><strong>confirmare</strong></span> <span class='ocrx_word' id='word_1_102' title='bbox 897 2119 1102 2194; x_wconf 80' lang='lat' dir='ltr'><strong>videantur.</strong></span> 
     </span>
    </p>
   </div>
   <div class='ocr_carea' id='block_1_4' title="bbox 187 2285 1851 2915">
    <p class='ocr_par' dir='ltr' id='par_1_4' title="bbox 187 2285 1851 2915">
     <span class='ocr_line' id='line_1_13' title="bbox 320 2285 1823 2384; baseline 0.001 -26"><span class='ocrx_word' id='word_1_103' title='bbox 320 2285 581 2384; x_wconf 85' lang='lat' dir='ltr'><strong>Quodcunque</strong></span> <span class='ocrx_word' id='word_1_104' title='bbox 616 2285 714 2357; x_wconf 91' lang='lat' dir='ltr'><strong>enim</strong></span> <span class='ocrx_word' id='word_1_105' title='bbox 748 2288 822 2361; x_wconf 83' lang='lat' dir='ltr'><strong>vita</strong></span> <span class='ocrx_word' id='word_1_106' title='bbox 858 2286 1011 2382; x_wconf 86' lang='lat' dir='ltr'><strong>propria</strong></span> <span class='ocrx_word' id='word_1_107' title='bbox 1044 2289 1202 2381; x_wconf 83' lang='lat' dir='ltr'><strong>gaudet,</strong></span> <span class='ocrx_word' id='word_1_108' title='bbox 1240 2287 1426 2382; x_wconf 80' lang='lat' dir='ltr'><strong>integrum</strong></span> <span class='ocrx_word' id='word_1_109' title='bbox 1460 2309 1536 2357; x_wconf 91' lang='lat' dir='ltr'><strong>nou</strong></span> <span class='ocrx_word' id='word_1_110' title='bbox 1569 2286 1736 2379; x_wconf 63' lang='lat' dir='ltr'><strong>amplius,</strong></span> <span class='ocrx_word' id='word_1_111' title='bbox 1753 2297 1823 2374; x_wconf 80' lang='lat' dir='ltr'><strong>ess,</strong></span> 
     </span>
     <span class='ocr_line' id='line_1_14' title="bbox 221 2389 1851 2516; baseline 0.001 -24"><span class='ocrx_word' id='word_1_112' title='bbox 221 2422 254 2493; x_wconf 81' lang='lat' dir='ltr'><strong>si</strong></span> <span class='ocrx_word' id='word_1_113' title='bbox 293 2421 355 2496; x_wconf 73' lang='lat' dir='ltr'><strong>vel</strong></span> <span class='ocrx_word' id='word_1_114' title='bbox 387 2389 540 2494; x_wconf 85' lang='lat' dir='ltr'><strong>minima</strong></span> <span class='ocrx_word' id='word_1_115' title='bbox 569 2445 656 2516; x_wconf 84' lang='lat' dir='ltr'><strong>pars</strong></span> <span class='ocrx_word' id='word_1_116' title='bbox 691 2422 769 2494; x_wconf 90' lang='lat' dir='ltr'><strong>eius</strong></span> <span class='ocrx_word' id='word_1_117' title='bbox 805 2421 952 2492; x_wconf 89' lang='lat' dir='ltr'><strong>tollitur</strong></span> <span class='ocrx_word' id='word_1_118' title='bbox 987 2422 1046 2495; x_wconf 82' lang='lat' dir='ltr'><strong>rel</strong></span> <span class='ocrx_word' id='word_1_119' title='bbox 1080 2423 1188 2493; x_wconf 88' lang='lat' dir='ltr'><strong>etiam</strong></span> <span class='ocrx_word' id='word_1_120' title='bbox 1224 2433 1408 2511; x_wconf 86' lang='lat' dir='ltr'><strong>mutatur,</strong></span> <span class='ocrx_word' id='word_1_121' title='bbox 1445 2446 1520 2514; x_wconf 90' lang='lat' dir='ltr'><strong>qun</strong></span> <span class='ocrx_word' id='word_1_122' title='bbox 1544 2419 1666 2509; x_wconf 79' lang='lat' dir='ltr'><strong>lacto,</strong></span> <span class='ocrx_word' id='word_1_123' title='bbox 1704 2431 1851 2494; x_wconf 81' lang='lat' dir='ltr'><strong>tntum·</strong></span> 
     </span>
     <span class='ocr_line' id='line_1_15' title="bbox 219 2551 1823 2650; baseline -0.003 -23"><span class='ocrx_word' id='word_1_124' title='bbox 219 2567 387 2650; x_wconf 80' lang='lat' dir='ltr'><strong>aegrotet</strong></span> <span class='ocrx_word' id='word_1_125' title='bbox 421 2580 462 2625; x_wconf 91' lang='lat' dir='ltr'><strong>ac</strong></span> <span class='ocrx_word' id='word_1_126' title='bbox 496 2555 657 2649; x_wconf 89' lang='lat' dir='ltr'><strong>denique</strong></span> <span class='ocrx_word' id='word_1_127' title='bbox 688 2565 838 2649; x_wconf 86' lang='lat' dir='ltr'><strong>pereat,</strong></span> <span class='ocrx_word' id='word_1_128' title='bbox 866 2579 1014 2626; x_wconf 85' lang='lat' dir='ltr'><strong>necesse</strong></span> <span class='ocrx_word' id='word_1_129' title='bbox 1041 2563 1120 2643; x_wconf 88' lang='lat' dir='ltr'><strong>est,</strong></span> <span class='ocrx_word' id='word_1_130' title='bbox 1162 2566 1205 2624; x_wconf 89' lang='lat' dir='ltr'><strong>ut</strong></span> <span class='ocrx_word' id='word_1_131' title='bbox 1230 2553 1362 2622; x_wconf 84' lang='lat' dir='ltr'><strong>melius</strong></span> <span class='ocrx_word' id='word_1_132' title='bbox 1387 2551 1552 2623; x_wconf 83' lang='lat' dir='ltr'><strong>facturus</strong></span> <span class='ocrx_word' id='word_1_133' title='bbox 1576 2551 1729 2641; x_wconf 81' lang='lat' dir='ltr'><strong>fuisset,</strong></span> <span class='ocrx_word' id='word_1_134' title='bbox 1758 2553 1823 2648; x_wconf 79' lang='lat' dir='ltr'><strong>qai</strong></span> 
     </span>
     <span class='ocr_line' id='line_1_16' title="bbox 187 2681 1823 2782; baseline -0.003 -18"><span class='ocrx_word' id='word_1_135' title='bbox 187 2681 188 2684; x_wconf 23' lang='lat'>¹</span> <span class='ocrx_word' id='word_1_136' title='bbox 217 2690 346 2764; x_wconf 77' lang='lat' dir='ltr'><strong>stricto</strong></span> <span class='ocrx_word' id='word_1_137' title='bbox 372 2689 494 2782; x_wconf 73' lang='lat' dir='ltr'><strong>gladio</strong></span> <span class='ocrx_word' id='word_1_138' title='bbox 515 2687 637 2780; x_wconf 89' lang='lat' dir='ltr'><strong>primo</strong></span> <span class='ocrx_word' id='word_1_139' title='bbox 664 2709 834 2780; x_wconf 80' lang='lat' dir='ltr'><strong>aggressu</strong></span> <span class='ocrx_word' id='word_1_140' title='bbox 860 2684 1128 2779; x_wconf 70' lang='lat' dir='ltr'><strong>interemisset,</strong></span> <span class='ocrx_word' id='word_1_141' title='bbox 1167 2683 1310 2754; x_wconf 89' lang='lat' dir='ltr'><strong>scilicet</strong></span> <span class='ocrx_word' id='word_1_142' title='bbox 1333 2685 1365 2755; x_wconf 85' lang='lat' dir='ltr'><strong>si</strong></span> <span class='ocrx_word' id='word_1_143' title='bbox 1390 2686 1438 2756; x_wconf 86' lang='lat' dir='ltr'><strong>de</strong></span> <span class='ocrx_word' id='word_1_144' title='bbox 1464 2707 1530 2777; x_wconf 89' lang='lat' dir='ltr'><strong>eo,</strong></span> <span class='ocrx_word' id='word_1_145' title='bbox 1564 2684 1664 2780; x_wconf 86' lang='lat' dir='ltr'><strong>qued</strong></span> <span class='ocrx_word' id='word_1_146' title='bbox 1688 2706 1759 2780; x_wconf 83' lang='lat' dir='ltr'><strong>per</strong></span> <span class='ocrx_word' id='word_1_147' title='bbox 1781 2707 1823 2759; x_wconf 76' lang='lat' dir='ltr'><strong>se</strong></span> 
     </span>
     <span class='ocr_line' id='line_1_17' title="bbox 223 2783 1846 2915; baseline -0.003 -22"><span class='ocrx_word' id='word_1_148' title='bbox 223 2820 360 2894; x_wconf 85' lang='lat' dir='ltr'><strong>malum</strong></span> <span class='ocrx_word' id='word_1_149' title='bbox 388 2817 600 2888; x_wconf 88' lang='lat' dir='ltr'><strong>habendum</strong></span> <span class='ocrx_word' id='word_1_150' title='bbox 625 2829 699 2911; x_wconf 85' lang='lat' dir='ltr'><strong>est,</strong></span> <span class='ocrx_word' id='word_1_151' title='bbox 728 2818 859 2888; x_wconf 86' lang='lat' dir='ltr'><strong>melius</strong></span> <span class='ocrx_word' id='word_1_152' title='bbox 885 2819 1085 2913; x_wconf 87' lang='lat' dir='ltr'><strong>quidquam</strong></span> <span class='ocrx_word' id='word_1_153' title='bbox 1109 2820 1311 2915; x_wconf 79' lang='lat' dir='ltr'><strong>praedices.</strong></span> <span class='ocrx_word' id='word_1_154' title='bbox 1372 2873 1381 2881; x_wconf 60' lang='grc'><strong><em>,</em></strong></span> <span class='ocrx_word' id='word_1_155' title='bbox 1837 2783 1846 2797; x_wconf 64' lang='lat'><strong>„</strong></span> 
     </span>
    </p>
   </div>
   <div class='ocr_carea' id='block_1_5' title="bbox 144 2956 1824 3488">
    <p class='ocr_par' dir='ltr' id='par_1_5' title="bbox 144 2956 1824 3488">
     <span class='ocr_line' id='line_1_18' title="bbox 319 2956 1823 3082; baseline -0.003 -23"><span class='ocrx_word' id='word_1_156' title='bbox 319 2985 524 3066; x_wconf 84' lang='lat' dir='ltr'><strong>Enimvero</strong></span> <span class='ocrx_word' id='word_1_157' title='bbox 561 2998 667 3076; x_wconf 87' lang='lat' dir='ltr'><strong>sunt,</strong></span> <span class='ocrx_word' id='word_1_158' title='bbox 715 2987 1024 3082; x_wconf 84' lang='lat' dir='ltr'><strong>quemadmodum</strong></span> <span class='ocrx_word' id='word_1_159' title='bbox 1057 2987 1156 3063; x_wconf 89' lang='lat' dir='ltr'><strong>inter</strong></span> <span class='ocrx_word' id='word_1_160' title='bbox 1189 2986 1279 3070; x_wconf 74' lang='lat' dir='ltr'><strong>riva¹</strong></span> <span class='ocrx_word' id='word_1_161' title='bbox 1307 2986 1471 3081; x_wconf 87' lang='lat' dir='ltr'><strong>reliqua,</strong></span> <span class='ocrx_word' id='word_1_162' title='bbox 1508 2987 1561 3056; x_wconf 84' lang='lat' dir='ltr'><strong>sic</strong></span> <span class='ocrx_word' id='word_1_163' title='bbox 1585 2985 1697 3056; x_wconf 85' lang='lat' dir='ltr'><strong>etiam</strong></span> <span class='ocrx_word' id='word_1_164' title='bbox 1721 2956 1823 3054; x_wconf 75' lang='lat' dir='ltr'><strong>inter¹</strong></span> 
     </span>
     <span class='ocr_line' id='line_1_19' title="bbox 144 3119 1824 3217; baseline -0.002 -27"><span class='ocrx_word' id='word_1_165' title='bbox 144 3211 148 3217; x_wconf 18' lang='grc' dir='ltr'><strong>Δ</strong></span> <span class='ocrx_word' id='word_1_166' title='bbox 221 3121 319 3216; x_wconf 88' lang='lat' dir='ltr'><strong>ipsos</strong></span> <span class='ocrx_word' id='word_1_167' title='bbox 357 3119 548 3210; x_wconf 87' lang='lat' dir='ltr'><strong>homines,</strong></span> <span class='ocrx_word' id='word_1_168' title='bbox 581 3141 713 3191; x_wconf 90' lang='lat' dir='ltr'><strong>eorum</strong></span> <span class='ocrx_word' id='word_1_169' title='bbox 739 3121 952 3210; x_wconf 86' lang='lat' dir='ltr'><strong>societates,</strong></span> <span class='ocrx_word' id='word_1_170' title='bbox 988 3121 1179 3210; x_wconf 87' lang='lat' dir='ltr'><strong>instituta,</strong></span> <span class='ocrx_word' id='word_1_171' title='bbox 1209 3144 1341 3214; x_wconf 86' lang='lat' dir='ltr'><strong>regna,</strong></span> <span class='ocrx_word' id='word_1_172' title='bbox 1380 3119 1589 3214; x_wconf 84' lang='lat' dir='ltr'><strong>disciplinas</strong></span> <span class='ocrx_word' id='word_1_173' title='bbox 1617 3129 1656 3188; x_wconf 90' lang='lat' dir='ltr'><strong>et</strong></span> <span class='ocrx_word' id='word_1_174' title='bbox 1686 3119 1824 3208; x_wconf 85' lang='lat' dir='ltr'><strong>studia,</strong></span> 
     </span>
     <span class='ocr_line' id='line_1_20' title="bbox 222 3239 1821 3346; baseline -0.003 -19"><span class='ocrx_word' id='word_1_175' title='bbox 222 3239 324 3344; x_wconf 75' lang='lat' dir='ltr'><strong>tera,</strong></span> <span class='ocrx_word' id='word_1_176' title='bbox 342 3273 422 3322; x_wconf 86' lang='lat' dir='ltr'><strong>nec</strong></span> <span class='ocrx_word' id='word_1_177' title='bbox 448 3261 572 3323; x_wconf 88' lang='lat' dir='ltr'><strong>mente</strong></span> <span class='ocrx_word' id='word_1_178' title='bbox 598 3249 700 3343; x_wconf 86' lang='lat' dir='ltr'><strong>licta,</strong></span> <span class='ocrx_word' id='word_1_179' title='bbox 729 3253 907 3346; x_wconf 83' lang='lat' dir='ltr'><strong>quaedam</strong></span> <span class='ocrx_word' id='word_1_180' title='bbox 932 3251 1082 3326; x_wconf 85' lang='lat' dir='ltr'><strong>Genera</strong></span> <span class='ocrx_word' id='word_1_181' title='bbox 1106 3264 1271 3345; x_wconf 87' lang='lat' dir='ltr'><strong>aeterna,</strong></span> <span class='ocrx_word' id='word_1_182' title='bbox 1299 3277 1321 3323; x_wconf 88' lang='lat' dir='ltr'><strong>a</strong></span> <span class='ocrx_word' id='word_1_183' title='bbox 1345 3253 1430 3324; x_wconf 91' lang='lat' dir='ltr'><strong>Deo</strong></span> <span class='ocrx_word' id='word_1_184' title='bbox 1455 3253 1707 3346; x_wconf 83' lang='lat' dir='ltr'><strong>omnipotente</strong></span> <span class='ocrx_word' id='word_1_185' title='bbox 1727 3273 1821 3344; x_wconf 85' lang='lat' dir='ltr'><strong>prc-</strong></span> 
     </span>
     <span class='ocr_line' id='line_1_21' title="bbox 220 3373 1819 3488; baseline -0.003 -29"><span class='ocrx_word' id='word_1_186' title='bbox 220 3398 369 3478; x_wconf 79' lang='lat' dir='ltr'><strong>rocata,</strong></span> <span class='ocrx_word' id='word_1_187' title='bbox 407 3408 501 3480; x_wconf 85' lang='lat' dir='ltr'><strong>quae</strong></span> <span class='ocrx_word' id='word_1_188' title='bbox 537 3391 666 3454; x_wconf 79' lang='lat' dir='ltr'><strong>cuncta</strong></span> <span class='ocrx_word' id='word_1_189' title='bbox 692 3373 914 3477; x_wconf 80' lang='lat' dir='ltr'><strong>observare,</strong></span> <span class='ocrx_word' id='word_1_190' title='bbox 963 3373 1113 3488; x_wconf 82' lang='lat' dir='ltr'><strong>iuvere,</strong></span> <span class='ocrx_word' id='word_1_191' title='bbox 1149 3389 1197 3458; x_wconf 88' lang='lat' dir='ltr'><strong>ad</strong></span> <span class='ocrx_word' id='word_1_192' title='bbox 1222 3407 1304 3457; x_wconf 89' lang='lat' dir='ltr'><strong>snas</strong></span> <span class='ocrx_word' id='word_1_193' title='bbox 1336 3387 1509 3482; x_wconf 88' lang='lat' dir='ltr'><strong>quodque</strong></span> <span class='ocrx_word' id='word_1_194' title='bbox 1534 3386 1633 3478; x_wconf 84' lang='lat' dir='ltr'><strong>le‘ges</strong></span> <span class='ocrx_word' id='word_1_195' title='bbox 1658 3383 1819 3474; x_wconf 84' lang='lat' dir='ltr'><strong>referre,</strong></span> 
     </span>
    </p>
   </div>
   <div class='ocr_carea' id='block_1_6' title="bbox 165 3501 1819 3616">
    <p class='ocr_par' dir='ltr' id='par_1_6' title="bbox 165 3501 1819 3616">
     <span class='ocr_line' id='line_1_22' title="bbox 165 3501 1819 3616; baseline -0.004 -24"><span class='ocrx_word' id='word_1_196' title='bbox 165 3501 167 3506; x_wconf 33' lang='lat'><em>⁷</em></span> <span class='ocrx_word' id='word_1_197' title='bbox 218 3521 407 3614; x_wconf 79' lang='lat' dir='ltr'><strong>ingenium</strong></span> <span class='ocrx_word' id='word_1_198' title='bbox 435 3519 609 3612; x_wconf 87' lang='lat' dir='ltr'><strong>cuiusque</strong></span> <span class='ocrx_word' id='word_1_199' title='bbox 636 3519 759 3591; x_wconf 83' lang='lat' dir='ltr'><strong>animo</strong></span> <span class='ocrx_word' id='word_1_200' title='bbox 784 3544 852 3590; x_wconf 89' lang='lat' dir='ltr'><strong>auo</strong></span> <span class='ocrx_word' id='word_1_201' title='bbox 878 3521 1049 3614; x_wconf 87' lang='lat' dir='ltr'><strong>amplecti</strong></span> <span class='ocrx_word' id='word_1_202' title='bbox 1074 3533 1185 3616; x_wconf 89' lang='lat' dir='ltr'><strong>atque</strong></span> <span class='ocrx_word' id='word_1_203' title='bbox 1212 3541 1355 3613; x_wconf 81' lang='lat' dir='ltr'><strong>regere,</strong></span> <span class='ocrx_word' id='word_1_204' title='bbox 1384 3519 1557 3613; x_wconf 81' lang='lat' dir='ltr'><strong>sapientis</strong></span> <span class='ocrx_word' id='word_1_205' title='bbox 1583 3529 1653 3609; x_wconf 86' lang='lat' dir='ltr'><strong>eat,</strong></span> <span class='ocrx_word' id='word_1_206' title='bbox 1679 3516 1819 3611; x_wconf 83' lang='lat' dir='ltr'><strong>impru-</strong></span> 
     </span>
    </p>
   </div>
   <div class='ocr_carea' id='block_1_7' title="bbox 219 3654 1915 3749">
    <p class='ocr_par' dir='ltr' id='par_1_7' title="bbox 219 3654 1915 3749">
     <span class='ocr_line' id='line_1_23' title="bbox 219 3654 1915 3749; baseline -0.007 -23"><span class='ocrx_word' id='word_1_207' title='bbox 219 3654 340 3726; x_wconf 87' lang='lat' dir='ltr'><strong>dentis</strong></span> <span class='ocrx_word' id='word_1_208' title='bbox 374 3664 521 3742; x_wconf 85' lang='lat' dir='ltr'><strong>autem,</strong></span> <span class='ocrx_word' id='word_1_209' title='bbox 562 3654 816 3746; x_wconf 80' lang='lat' dir='ltr'><strong>experimento</strong></span> <span class='ocrx_word' id='word_1_210' title='bbox 842 3665 1000 3726; x_wconf 84' lang='lat' dir='ltr'><strong>mortem</strong></span> <span class='ocrx_word' id='word_1_211' title='bbox 1027 3655 1160 3749; x_wconf 87' lang='lat' dir='ltr'><strong>cuique</strong></span> <span class='ocrx_word' id='word_1_212' title='bbox 1185 3655 1406 3725; x_wconf 87' lang='lat' dir='ltr'><strong>contrahere</strong></span> <span class='ocrx_word' id='word_1_213' title='bbox 1433 3655 1529 3726; x_wconf 79' lang='lat' dir='ltr'><strong>vitae</strong></span> <span class='ocrx_word' id='word_1_214' title='bbox 1560 3674 1819 3747; x_wconf 88' lang='lat' dir='ltr'><strong>summumque</strong></span> <span class='ocrx_word' id='word_1_215' title='bbox 1909 3704 1915 3714; x_wconf 25' lang='lat' dir='ltr'>x</span> 
     </span>
    </p>
   </div>
   <div class='ocr_carea' id='block_1_8' title="bbox 147 3777 1948 3885">
    <p class='ocr_par' dir='ltr' id='par_1_8' title="bbox 147 3777 1948 3885">
     <span class='ocr_line' id='line_1_24' title="bbox 147 3777 1948 3885; baseline 0.004 -35"><span class='ocrx_word' id='word_1_216' title='bbox 147 3841 150 3850; x_wconf 90' lang='lat'>.</span> <span class='ocrx_word' id='word_1_217' title='bbox 217 3784 289 3858; x_wconf 86' lang='lat' dir='ltr'><strong>hoc</strong></span> <span class='ocrx_word' id='word_1_218' title='bbox 321 3785 552 3880; x_wconf 89' lang='lat' dir='ltr'><strong>proclamare</strong></span> <span class='ocrx_word' id='word_1_219' title='bbox 592 3785 629 3855; x_wconf 90' lang='lat' dir='ltr'><strong>in</strong></span> <span class='ocrx_word' id='word_1_220' title='bbox 662 3787 856 3876; x_wconf 87' lang='lat' dir='ltr'><strong>omnibus,·</strong></span> <span class='ocrx_word' id='word_1_221' title='bbox 891 3785 951 3879; x_wconf 92' lang='lat' dir='ltr'><strong>id,</strong></span> <span class='ocrx_word' id='word_1_222' title='bbox 985 3787 1083 3882; x_wconf 92' lang='lat' dir='ltr'><strong>quod</strong></span> <span class='ocrx_word' id='word_1_223' title='bbox 1116 3809 1163 3858; x_wconf 90' lang='lat' dir='ltr'><strong>ue</strong></span> <span class='ocrx_word' id='word_1_224' title='bbox 1196 3798 1275 3859; x_wconf 90' lang='lat' dir='ltr'><strong>tum</strong></span> <span class='ocrx_word' id='word_1_225' title='bbox 1316 3781 1467 3885; x_wconf 86' lang='lat' dir='ltr'><strong>quidem</strong></span> <span class='ocrx_word' id='word_1_226' title='bbox 1497 3785 1691 3884; x_wconf 87' lang='lat' dir='ltr'><strong>probabis,</strong></span> <span class='ocrx_word' id='word_1_227' title='bbox 1735 3777 1820 3858; x_wconf 76' lang='lat' dir='ltr'><strong>cum</strong></span> <span class='ocrx_word' id='word_1_228' title='bbox 1946 3816 1948 3819; x_wconf 93' lang='lat'>·</span> 
     </span>
    </p>
   </div>
   <div class='ocr_carea' id='block_1_9' title="bbox 216 3915 1246 4016">
    <p class='ocr_par' dir='ltr' id='par_1_9' title="bbox 216 3915 1246 4016">
     <span class='ocr_line' id='line_1_25' title="bbox 216 3915 1246 4016; baseline 0.003 -26"><span class='ocrx_word' id='word_1_229' title='bbox 216 3915 281 3992; x_wconf 80' lang='lat' dir='ltr'><strong>liat</strong></span> <span class='ocrx_word' id='word_1_230' title='bbox 305 3940 370 4014; x_wconf 87' lang='lat' dir='ltr'><strong>spe</strong></span> <span class='ocrx_word' id='word_1_231' title='bbox 396 3917 489 3989; x_wconf 89' lang='lat' dir='ltr'><strong>lucis</strong></span> <span class='ocrx_word' id='word_1_232' title='bbox 513 3917 768 4013; x_wconf 76' lang='lat' dir='ltr'><strong>prodigiosae,</strong></span> <span class='ocrx_word' id='word_1_233' title='bbox 803 3921 952 3990; x_wconf 83' lang='lat' dir='ltr'><strong>existis</strong></span> <span class='ocrx_word' id='word_1_234' title='bbox 976 3920 1246 4016; x_wconf 88' lang='lat' dir='ltr'><strong>provocandae.</strong></span> 
     </span>
    </p>
   </div>
   <div class='ocr_carea' id='block_1_10' title="bbox 158 4103 1894 5150">
    <p class='ocr_par' dir='ltr' id='par_1_10' title="bbox 158 4103 1894 4746">
     <span class='ocr_line' id='line_1_26' title="bbox 318 4103 1819 4210; baseline 0.002 -33"><span class='ocrx_word' id='word_1_235' title='bbox 318 4103 391 4178; x_wconf 89' lang='lat' dir='ltr'><strong>His</strong></span> <span class='ocrx_word' id='word_1_236' title='bbox 422 4110 456 4181; x_wconf 87' lang='lat' dir='ltr'><strong>si</strong></span> <span class='ocrx_word' id='word_1_237' title='bbox 487 4109 677 4183; x_wconf 86' lang='lat' dir='ltr'><strong>aberrasse</strong></span> <span class='ocrx_word' id='word_1_238' title='bbox 709 4137 732 4182; x_wconf 86' lang='lat' dir='ltr'><strong>a</strong></span> <span class='ocrx_word' id='word_1_239' title='bbox 764 4113 955 4208; x_wconf 86' lang='lat' dir='ltr'><strong>proposito</strong></span> <span class='ocrx_word' id='word_1_240' title='bbox 984 4123 1115 4185; x_wconf 86' lang='lat' dir='ltr'><strong>nostro</strong></span> <span class='ocrx_word' id='word_1_241' title='bbox 1149 4113 1220 4188; x_wconf 79' lang='lat' dir='ltr'><strong>visi</strong></span> <span class='ocrx_word' id='word_1_242' title='bbox 1251 4136 1397 4204; x_wconf 82' lang='lat' dir='ltr'><strong>sumus,</strong></span> <span class='ocrx_word' id='word_1_243' title='bbox 1437 4110 1560 4183; x_wconf 84' lang='lat' dir='ltr'><strong>statim</strong></span> <span class='ocrx_word' id='word_1_244' title='bbox 1595 4112 1819 4210; x_wconf 78' lang='lat' dir='ltr'><strong>revertimus</strong></span> 
     </span>
     <span class='ocr_line' id='line_1_27' title="bbox 158 4211 1894 4342; baseline 0.001 -32"><span class='ocrx_word' id='word_1_245' title='bbox 158 4211 162 4222; x_wconf 13' lang='lat' dir='ltr'><strong>A</strong></span> <span class='ocrx_word' id='word_1_246' title='bbox 223 4235 270 4305; x_wconf 76' lang='lat' dir='ltr'><strong>ad</strong></span> <span class='ocrx_word' id='word_1_247' title='bbox 295 4237 557 4336; x_wconf 83' lang='lat' dir='ltr'><strong>Academiam,</strong></span> <span class='ocrx_word' id='word_1_248' title='bbox 585 4248 646 4318; x_wconf 88' lang='lat' dir='ltr'><strong>cui</strong></span> <span class='ocrx_word' id='word_1_249' title='bbox 671 4271 738 4317; x_wconf 86' lang='lat' dir='ltr'><strong>sua</strong></span> <span class='ocrx_word' id='word_1_250' title='bbox 761 4247 1010 4342; x_wconf 85' lang='lat' dir='ltr'><strong>antiquissima</strong></span> <span class='ocrx_word' id='word_1_251' title='bbox 1034 4257 1169 4318; x_wconf 87' lang='lat' dir='ltr'><strong>statuta</strong></span> <span class='ocrx_word' id='word_1_252' title='bbox 1195 4245 1412 4318; x_wconf 79' lang='lat' dir='ltr'><strong>conservata</strong></span> <span class='ocrx_word' id='word_1_253' title='bbox 1435 4245 1549 4314; x_wconf 89' lang='lat' dir='ltr'><strong>modo</strong></span> <span class='ocrx_word' id='word_1_254' title='bbox 1579 4226 1838 4337; x_wconf 75' lang='lat' dir='ltr'><strong>congratula-·</strong></span> <span class='ocrx_word' id='word_1_255' title='bbox 1885 4287 1894 4302; x_wconf 88' lang='lat'><strong>·</strong></span> 
     </span>
     <span class='ocr_line' id='line_1_28' title="bbox 220 4369 1820 4478; baseline -0.001 -30"><span class='ocrx_word' id='word_1_256' title='bbox 220 4369 364 4450; x_wconf 67' lang='lat' dir='ltr'><strong>bamur.</strong></span> <span class='ocrx_word' id='word_1_257' title='bbox 414 4375 521 4450; x_wconf 86' lang='lat' dir='ltr'><strong>Haec</strong></span> <span class='ocrx_word' id='word_1_258' title='bbox 555 4380 652 4450; x_wconf 88' lang='lat' dir='ltr'><strong>enim</strong></span> <span class='ocrx_word' id='word_1_259' title='bbox 685 4378 884 4452; x_wconf 85' lang='lat' dir='ltr'><strong>Academia</strong></span> <span class='ocrx_word' id='word_1_260' title='bbox 918 4405 992 4477; x_wconf 89' lang='lat' dir='ltr'><strong>quo</strong></span> <span class='ocrx_word' id='word_1_261' title='bbox 1027 4392 1199 4478; x_wconf 76' lang='lat' dir='ltr'><strong>tempore</strong></span> <span class='ocrx_word' id='word_1_262' title='bbox 1228 4382 1392 4478; x_wconf 90' lang='lat' dir='ltr'><strong>primum</strong></span> <span class='ocrx_word' id='word_1_263' title='bbox 1428 4379 1577 4450; x_wconf 89' lang='lat' dir='ltr'><strong>condita</strong></span> <span class='ocrx_word' id='word_1_264' title='bbox 1609 4389 1678 4470; x_wconf 86' lang='lat' dir='ltr'><strong>est,</strong></span> <span class='ocrx_word' id='word_1_265' title='bbox 1712 4377 1820 4447; x_wconf 86' lang='lat' dir='ltr'><strong>Ger-</strong></span> 
     </span>
     <span class='ocr_line' id='line_1_29' title="bbox 217 4480 1818 4612; baseline 0.004 -38"><span class='ocrx_word' id='word_1_266' title='bbox 217 4504 365 4577; x_wconf 83' lang='lat' dir='ltr'><strong>maniae</strong></span> <span class='ocrx_word' id='word_1_267' title='bbox 399 4521 531 4586; x_wconf 80' lang='lat' dir='ltr'><strong>statnm</strong></span> <span class='ocrx_word' id='word_1_268' title='bbox 570 4515 784 4609; x_wconf 87' lang='lat' dir='ltr'><strong>politicum,</strong></span> <span class='ocrx_word' id='word_1_269' title='bbox 829 4514 951 4588; x_wconf 86' lang='lat' dir='ltr'><strong>obiter</strong></span> <span class='ocrx_word' id='word_1_270' title='bbox 991 4515 1024 4585; x_wconf 88' lang='lat' dir='ltr'><strong>si</strong></span> <span class='ocrx_word' id='word_1_271' title='bbox 1051 4480 1221 4610; x_wconf 72' lang='lat' dir='ltr'><strong>spectes,</strong></span> <span class='ocrx_word' id='word_1_272' title='bbox 1265 4539 1378 4612; x_wconf 83' lang='lat' dir='ltr'><strong>quam</strong></span> <span class='ocrx_word' id='word_1_273' title='bbox 1413 4512 1624 4608; x_wconf 79' lang='lat' dir='ltr'><strong>longissime</strong></span> <span class='ocrx_word' id='word_1_274' title='bbox 1659 4508 1818 4582; x_wconf 84' lang='lat' dir='ltr'><strong>abfuisse</strong></span> 
     </span>
     <span class='ocr_line' id='line_1_30' title="bbox 220 4637 1817 4746; baseline 0.004 -37"><span class='ocrx_word' id='word_1_275' title='bbox 220 4637 370 4732; x_wconf 90' lang='lat' dir='ltr'><strong>quidem</strong></span> <span class='ocrx_word' id='word_1_276' title='bbox 396 4642 442 4714; x_wconf 90' lang='lat' dir='ltr'><strong>ab</strong></span> <span class='ocrx_word' id='word_1_277' title='bbox 467 4669 532 4735; x_wconf 89' lang='lat' dir='ltr'><strong>ea,</strong></span> <span class='ocrx_word' id='word_1_278' title='bbox 560 4673 633 4743; x_wconf 87' lang='lat' dir='ltr'><strong>qua</strong></span> <span class='ocrx_word' id='word_1_279' title='bbox 659 4673 757 4724; x_wconf 90' lang='lat' dir='ltr'><strong>nunc</strong></span> <span class='ocrx_word' id='word_1_280' title='bbox 790 4660 864 4742; x_wconf 87' lang='lat' dir='ltr'><strong>est,</strong></span> <span class='ocrx_word' id='word_1_281' title='bbox 900 4649 1112 4724; x_wconf 85' lang='lat' dir='ltr'><strong>conditione</strong></span> <span class='ocrx_word' id='word_1_282' title='bbox 1137 4651 1207 4721; x_wconf 88' lang='lat' dir='ltr'><strong>tibi</strong></span> <span class='ocrx_word' id='word_1_283' title='bbox 1229 4662 1231 4666; x_wconf 79' lang='grc'>’</span> <span class='ocrx_word' id='word_1_284' title='bbox 1238 4648 1500 4746; x_wconf 87' lang='lat' dir='ltr'><strong>persuadebis,</strong></span> <span class='ocrx_word' id='word_1_285' title='bbox 1521 4645 1683 4740; x_wconf 70' lang='lat' dir='ltr'><strong>vfereque</strong></span> <span class='ocrx_word' id='word_1_286' title='bbox 1709 4643 1817 4716; x_wconf 87' lang='lat' dir='ltr'><strong>aliam</strong></span> 
     </span>
    </p>

    <p class='ocr_par' dir='ltr' id='par_1_11' title="bbox 214 4756 1856 5150">
     <span class='ocr_line' id='line_1_31' title="bbox 217 4756 1855 4878; baseline 0.003 -36"><span class='ocrx_word' id='word_1_287' title='bbox 217 4781 361 4846; x_wconf 80' lang='lat' dir='ltr'><strong>terram</strong></span> <span class='ocrx_word' id='word_1_288' title='bbox 394 4775 484 4848; x_wconf 89' lang='lat' dir='ltr'><strong>elim</strong></span> <span class='ocrx_word' id='word_1_289' title='bbox 520 4777 614 4854; x_wconf 84' lang='lat' dir='ltr'><strong>hanc</strong></span> <span class='ocrx_word' id='word_1_290' title='bbox 645 4777 811 4858; x_wconf 80' lang='lat' dir='ltr'><strong>nostram</strong></span> <span class='ocrx_word' id='word_1_291' title='bbox 843 4784 1009 4862; x_wconf 76' lang='lat' dir='ltr'><strong>extitisse</strong></span> <span class='ocrx_word' id='word_1_292' title='bbox 1042 4785 1228 4858; x_wconf 87' lang='lat' dir='ltr'><strong>coniicies.</strong></span> <span class='ocrx_word' id='word_1_293' title='bbox 1267 4783 1330 4878; x_wconf 36' lang='lat' dir='ltr'><strong>,At</strong></span> <span class='ocrx_word' id='word_1_294' title='bbox 1362 4805 1451 4856; x_wconf 87' lang='lat' dir='ltr'><strong>mox</strong></span> <span class='ocrx_word' id='word_1_295' title='bbox 1479 4793 1604 4853; x_wconf 88' lang='lat' dir='ltr'><strong>tamen</strong></span> <span class='ocrx_word' id='word_1_296' title='bbox 1637 4779 1760 4870; x_wconf 90' lang='lat' dir='ltr'><strong>idem,</strong></span> <span class='ocrx_word' id='word_1_297' title='bbox 1787 4780 1818 4847; x_wconf 88' lang='lat' dir='ltr'><strong>si</strong></span> <span class='ocrx_word' id='word_1_298' title='bbox 1851 4756 1855 4761; x_wconf 70' lang='lat'><strong>,</strong></span> 
     </span>
     <span class='ocr_line' id='line_1_32' title="bbox 215 4901 1856 5014; baseline 0.002 -37"><span class='ocrx_word' id='word_1_299' title='bbox 215 4901 307 5000; x_wconf 77' lang='lat' dir='ltr'><strong>fines</strong></span> <span class='ocrx_word' id='word_1_300' title='bbox 341 4908 419 4980; x_wconf 86' lang='lat' dir='ltr'><strong>eius</strong></span> <span class='ocrx_word' id='word_1_301' title='bbox 445 4910 645 4988; x_wconf 83' lang='lat' dir='ltr'><strong>hodiernos</strong></span> <span class='ocrx_word' id='word_1_302' title='bbox 678 4943 764 4992; x_wconf 90' lang='lat' dir='ltr'><strong>cum</strong></span> <span class='ocrx_word' id='word_1_303' title='bbox 795 4915 868 4992; x_wconf 87' lang='lat' dir='ltr'><strong>illis</strong></span> <span class='ocrx_word' id='word_1_304' title='bbox 899 4907 1059 5014; x_wconf 87' lang='lat' dir='ltr'><strong>antiquis</strong></span> <span class='ocrx_word' id='word_1_305' title='bbox 1094 4918 1388 5014; x_wconf 76' lang='lat' dir='ltr'><strong>comparaveris,</strong></span> <span class='ocrx_word' id='word_1_306' title='bbox 1407 4911 1409 4915; x_wconf 74' lang='grc'><strong>’</strong></span> <span class='ocrx_word' id='word_1_307' title='bbox 1429 4917 1462 4986; x_wconf 89' lang='lat' dir='ltr'><strong>si</strong></span> <span class='ocrx_word' id='word_1_308' title='bbox 1495 4915 1637 5010; x_wconf 85' lang='lat' dir='ltr'><strong>patriae</strong></span> <span class='ocrx_word' id='word_1_309' title='bbox 1672 4913 1856 5006; x_wconf 61' lang='lat' dir='ltr'><strong>linguae,</strong></span> 
     </span>
     <span class='ocr_line' id='line_1_33' title="bbox 214 5027 1818 5150; baseline 0.006 -42"><span class='ocrx_word' id='word_1_310' title='bbox 214 5059 345 5112; x_wconf 73' lang='lat' dir='ltr'><strong>nouum</strong></span> <span class='ocrx_word' id='word_1_311' title='bbox 372 5030 530 5118; x_wconf 82' lang='lat' dir='ltr'><strong>eundem</strong></span> <span class='ocrx_word' id='word_1_312' title='bbox 556 5048 810 5146; x_wconf 79' lang='lat' dir='ltr'><strong>intellexeris,</strong></span> <span class='ocrx_word' id='word_1_313' title='bbox 835 5053 869 5126; x_wconf 91' lang='lat' dir='ltr'><strong>si</strong></span> <span class='ocrx_word' id='word_1_314' title='bbox 895 5053 1173 5150; x_wconf 88' lang='lat' dir='ltr'><strong>Principum</strong></span> <span class='ocrx_word' id='word_1_315' title='bbox 1203 5027 1530 5143; x_wconf 52' lang='lat' dir='ltr'><strong>omnium’lnedus,</strong></span> <span class='ocrx_word' id='word_1_316' title='bbox 1545 5060 1622 5120; x_wconf 89' lang='lat' dir='ltr'><strong>tum</strong></span> <span class='ocrx_word' id='word_1_317' title='bbox 1641 5049 1818 5144; x_wconf 80' lang='lat' dir='ltr'><strong>sauguine</strong></span> 
     </span>
    </p>
   </div>
   <div class='ocr_carea' id='block_1_11' title="bbox 595 5221 626 5312">
    <p class='ocr_par' dir='ltr' id='par_1_12' title="bbox 595 5221 626 5312">
     <span class='ocr_line' id='line_1_34' title="bbox 595 5221 626 5312; baseline 0 -74"><span class='ocrx_word' id='word_1_318' title='bbox 595 5221 626 5312; x_wconf 16' lang='lat' dir='ltr'><strong>f«.</strong></span> 
     </span>
    </p>
   </div>
   <div class='ocr_carea' id='block_1_12' title="bbox 0 0 2350 6138">
    <p class='ocr_par' dir='ltr' id='par_1_13' title="bbox 0 0 2350 6138">
     <span class='ocr_line' id='line_1_35' title="bbox 0 0 2350 6138; baseline 0 0"><span class='ocrx_word' id='word_1_319' title='bbox 0 0 2350 6138; x_wconf 95' lang='lat' dir='ltr'><strong> </strong></span> 
     </span>
    </p>
   </div>
  </div>
 </body>
</html>
