4692 6142
565 611 640 687 206
1177 590 1221 660 C.
1245 588 1287 660 F.
1325 590 1575 679 Sonuut'z,

575 806 762 921 figuram
799 791 986 913 quidem
1022 788 1136 876 bene
1177 784 1313 891 sistit,
1361 782 1481 871 haud
1521 816 1627 875 vero
1674 783 1991 891 directionem,
2035 756 2193 901 'nimis

503 1028 506 1036 .
579 952 699 1038 enirn
725 940 874 1060 patula
902 960 947 1022 ct
978 934 1070 1021 fere
1108 952 1337 1019 recurvata
1364 927 1582 1027 delineata
1608 950 1733 1033 sunt,
1778 926 1925 1043 qualia
1950 922 1998 1012 Β.
2030 927 2195 1041 apicu-

574 1094 693 1222 'latae
721 1085 864 1199 potius
893 1076 1086 1210 propria.

620 1257 684 1343 13.
725 1250 928 1334 Bassum
948 1237 1202 1327 obtusifolia
1230 1236 1526 1350 Schwae'gr.
1546 1284 1608 1358 -7
1627 1235 1734 1323 Tab.
1767 1234 1959 1322 XXXII.
1988 1232 2153 1350 fig.13.

700 1414 749 1501 B.
805 1387 928 1497 caule
980 1408 1262 1511 subramoso,
1320 1402 1438 1491 foliis
1492 1403 1840 1517 ovato-oblongis
1890 1402 2194 1493 subcarinatis

578 1557 833 1671 marginatis
873 1551 1040 1637 obtusis
1072 1546 1445 1662 erecto-patulis,
1478 1544 1603 1632 theca
1636 1544 1827 1660 oblonga
1858 1570 2002 1655 recta,
2046 1578 2191 1663 oper-

527 1699 531 1708 ’
582 1703 682 1787 culo
713 1696 918 1783 subulato
945 1691 1145 1778 curvulo.

629 1845 674 1915 Β.
703 1837 915 1913 obtusifolia
939 1834 1075 1905 Hedw.
1103 1834 1207 1928 Sper.
1237 1833 1362 1929 Suppl.
1390 1832 1420 1905 1.
1451 1854 1530 1928 129.
1557 1843 1581 1903 t
1609 1836 1667 1905 51.
1732 1938 1736 1943 Ι

816 1992 831 2025 n
944 1957 1074 2028 Bridel
1099 1956 1265 2028 Method.
1292 1979 1351 2053 9⁹·

547 2065 551 2071 ⁵
616 2053 654 2157 ἀ
813 2114 829 2150 a
947 2083 1095 2153 Schultz
1121 2082 1179 2158 Fl.
1206 2083 1323 2177 Starg.
1350 2084 1475 2180 Suppl.
1505 2085 1536 2156 Ι.
1562 2085 1657 2178 69..

702 2196 880 2296 Habitat
906 2208 951 2291 in
982 2191 1183 2291 Helvetia
1214 2228 1257 2290 et
1283 2207 1329 2290 in
1359 2207 1607 2320 praeruptis
1624 2202 1854 2317 ¹argillosis
1873 2202 1984 2289 Duc.
2006 2202 2182 2317 Megap.

585 2356 749 2467 Starg.;
781 2379 921 2468 prope
945 2349 1144 2459 Bonnam
1167 2376 1347 2463 quoque
1369 2344 1474 2458 legit
1489 2346 1555 2431 lll.
1573 2345 1614 2434 N
1623 2378 1708 2432 ees
1735 2348 1796 2435 ab
1815 2346 2175 2446 ‚Esenbeclcat

702 2495 876 2580 Statura
908 2514 951 2576 et
982 2487 1136 2574 habitu
1163 2488 1430 2574 multarum
1451 2489 1742 2600 praecedente
1759 2490 1861 2575 huic
1878 2490 2039 2603 speciei
2060 2516 2189 2571 com-

582 2639 736 2726 munia
761 2659 887 2742 sunt,
921 2630 1065 2717 caules
1091 2652 1238 2742 tamen
1263 2628 1489 2716 breviores
1517 2629 1810 2737 robustiores,
1845 2653 2039 2716 tomento
2065 2627 2189 2713 radi-

583 2782 734 2867 culoso
775 2776 908 2863 dense
953 2751 1162 2886 impleri,
1213 2770 1431 2857 fructiferi
1470 2770 1772 2886 subsimplices
1813 2773 1879 2858 3-
1901 2772 2186 2874 4·Ιίῃεειτεε,

583 2926 756 3012 steriles
769 2895 1103 3010 tsemiuneiales
1142 2938 1189 3001 et
1223 2913 1466 3027 longiores,
1515 2911 1624 2997 folia
1655 2913 1787 2999 densa
1818 2912 2186 3025 orato-oblonga,

586 3054 801 3152 inferiora
831 3060 1039 3147 breviora
1068 3054 1346 3141 obtusissima
1377 3055 1653 3171 ferruginea,
1695 3057 1922 3182 superiora
1948 3086 1972 3139 e
2003 3054 2100 3139 basi
2126 3056 2192 3140 la·

585 3210 700 3297 tiore
732 3204 859 3323 quasi
889 3198 1104 3287 undulata
1131 3228 1165 3280 s.
1204 3197 1423 3311 repanda,
1466 3230 1617 3286 nervo·
1640 3197 1787 3285 valido
1823 3220 2047 3315 purpureo
2081 3196 2191 3283 bre·

535 3400 543 3413 ·
584 3351 759 3470 tissime
806 3365 1064 3431 mucronata
1112 3370 1214 3425 cum
1259 3336 1660 3453 perichaetialibus
1689 3338 1970 3427 acutiusculis
2011 3340 2187 3425 intense

323 3564 333 3571 .
470 3499 474 3504 “
583 3491 774 3598 viridia,
826 3488 1022 3599 margine
1062 3484 1299 3569 incrassato
1347 3485 1580 3598 opaciore,
1636 3484 1873 3569 interdum·
1901 3483 2104 3570 tenuiore
2142 3504 2187 3566 et

584 3632 855 3740 subrellem,
895 3654 985 3717 seta
1016 3625 1257 3712 terminalis
1287 3630 1359 3714 via
1388 3614 1683 3764 semirrpgcialis
1710 3628 1882 3733 stricta3
1922 3622 2047 3717 theca
2071 3623 2188 3709 deo-

586 3777 813 3895 perculata
846 3772 1035 3884 oblonga
1067 3771 1290 3872 brunnea3
1338 3764 1597 3881 operculum
1633 3800 1683 3855 ea
1718 3769 1896 3854 brevius
1927 3765 2185 3852 subulatum

589 3943 831 4007 curvatum.
855 3966 916 3983 -
934 3903 1109 4000 Haece
1136 3910 1449 4025 speciminibus
1476 3914 1737 4013 numerosis,
1767 3938 1879 4026 quae
1908 3909 1998 4023 ipse
2023 3902 2189 4019 collegi

590 4083 792 4180 quaeque
821 4082 868 4144 et
897 4059 1015 4143 iconi
1053 4057 1208 4142 citatae
1250 4076 1294 4139 et
1337 4054 1653 4168 speciminibus
1700 4050 2184 4138 S'chleicberianis

553 4225 559 4230 ’
593 4227 739 4293 exacte
780 4198 1059 4314 respondent.
1127 4197 1184 4283 lll
1231 4195 1701 4306 Schwaegrichen
1742 4222 1942 4309 muscum
1976 4194 2095 4277 iuxta
2128 4191 2183 4277 B.

594 4347 910 4431 revolutam
939 4342 1151 4452 seposuit,
1195 4368 1351 4421 verum
1376 4338 1515 4422 multo
1534 4311 1728 4451 'propius
1757 4332 1815 4421 ad
1845 4335 1893 4421 B.
1923 4332 2184 4449 unguicula-

592 4488 681 4573 tam
708 4478 891 4567 accedit.

628 4639 694 4739 14.
743 4632 945 4719 Baaaunn
972 4624 1196 4742 cuspidata
1227 4592 1659 4715 Schultz-Tala.
1685 4630 1881 4716 XXXII.
1907 4624 1980 4741 fig.
2013 4629 2076 4731 14.
2110 4654 2150 4709 a.

649 4809 661 4836 ·
707 4774 757 4862 Β.
787 4772 912 4859 caule
946 4772 1249 4887 subsimplici,
1301 4768 1420 4858 soliis
1452 4771 1884 4859 lineari-lanceolatis
1921 4768 2185 4857 acuminatis

593 4917 818 5033 apiculatis
856 4916 1050 5025 margine
1086 4914 1340 5001 subrellexis
1373 4912 1534 5002 strictis
1564 4914 1835 5035 patentibus,
1872 4916 2001 5003 theca
2040 4910 2187 5025 cylin-

594 5059 744 5157 drica,
788 5055 997 5171 operculo
1027 5014 1230 5142 subulato
1259 5057 1459 5148 incurvo.
1743 5045 1749 5053 ’
