4692 6142
566 725 595 774 x
633 759 634 764 ,

556 899 881 974 »Academiam
908 843 1545 994 Leopoldinofflarolinam,
1572 911 1616 972 ut
1641 901 1686 971 ad
1713 901 1824 972 linem
1860 901 2153 997 minuensque

553 1035 740 1106 omuneris
767 1036 845 1105 eius
871 1034 910 1103 iu
936 1019 1047 1106 rebus
1073 1032 1265 1104 litterariis
1291 1033 1499 1126 videantur,
1527 1047 1623 1106 stato
1649 1037 1807 1129 quodam
1827 1047 2028 1131 proveatu,
2047 1047 2155 1130 quot·

555 1170 681 1240 oannis
708 1167 755 1238 ad
780 1155 862 1236 eam
884 1168 1066 1259 redituro,
1094 1189 1225 1237 carere
1242 1169 1304 1238 rix
1324 1193 1443 1264 posse,
1471 1160 1838 1264 quingentorum
1862 1169 1941 1243 rel
1965 1190 2155 1242 sexcen-

553 1316 729 1398 utorum,
755 1301 1070 1373 'Phalerorum
1097 1292 1299 1374 annuum
1327 1301 1538 1400 reditum·
1556 1324 1605 1372 ex
1619 1301 1939 1394 aeraringenerali
1956 1304 2150 1397 praestari,
2203 1314 2211 1336 ⁸

554 1461 683 1532 »quam
711 1461 892 1506 summam
913 1435 1103 1530 pecuniae,
1130 1435 1222 1505 dum
1249 1436 1347 1506 intra
1372 1436 1492 1530 Regni
1518 1436 1706 1507 Berussici
1729 1435 1820 1509 fines
1837 1436 2035 1510 Academia
2052 1440 2149 1510 reai-

559 1571 666 1641 „deat
690 1575 890 1664 pergatque
911 1569 1085 1663 operibus
1110 1571 1186 1640 sois
1210 1572 1286 1640 tem
1312 1571 1408 1641 bene
1432 1569 1481 1641 de
1505 1570 1641 1642 litteris
1665 1571 1817 1661 mereri,
1844 1581 1888 1641 ut
1912 1570 2023 1665 digna
2050 1572 2150 1646 ride·

555 1716 673 1794 uetur,
689 1706 791 1773 cuius
818 1723 907 1775 cura
932 1715 1083 1797 geratur
1109 1713 1146 1773 et
1172 1727 1265 1799 quae
1290 1704 1422 1798 opibus
1447 1702 1573 1796 Regiis
1597 1703 1807 1792 adiuvetur,
1834 1702 1990 1798 Praeses
2005 1705 2085 1776 eius
2108 1705 2153 1776 ad

560 1829 719 1932 »priscas
763 1836 864 1929 leges
889 1857 1029 1929 suoque
1064 1837 1220 1930 proprio
1257 1837 1413 1908 arbitrio
1449 1839 1586 1942 debeat
1617 1839 1658 1908 in
1686 1812 1790 1911 Acta
1826 1835 2048 1910 Academiae
2083 1840 2153 1912 rite

554 1972 831 2067 »persequenda
867 1965 1100 2062 dis'pensare3
1137 1969 1236 2064 quod
1269 1980 1393 2042 autem
1427 1970 1496 2040 ista
1527 1971 1676 2042 decreto
1702 1971 1778 2041 Suo
1802 1971 1986 2061 statuerit,
2015 1971 2152 2045 lectum

555 2129 654 2175 nesse
672 2127 732 2194 eo,
761 2113 801 2171 ut
822 2124 890 2196 per
911 2102 1046 2172 'eadem
1072 2101 1177 2191 haec,
1204 2113 1377 2197 tanquam
1399 2105 1602 2175 certissimo
1618 2105 1855 2192 documento,
1883 2104 2152 2197 manilestetur,

530 2227 660 2326 ,utum
697 2251 834 2334 quante
866 2259 955 2305 cura
990 2235 1078 2308 Rex
1121 2255 1328 2326 oraturus,
1370 2235 1510 2308 Pater
1551 2239 1769 2328 Patriae,
1807 2238 1934 2331 dignas
1965 2242 2151 2320 existimet

553 2375 687 2445 aboites
713 2395 840 2443 omues
865 2370 1006 2440 litteras
1025 2382 1063 2440 et
1087 2381 1200 2460 artes,
1225 2381 1303 2439 tum
1320 2382 1547 2465 quantopere
1574 2381 1611 2441 et
1628 2372 1791 2466 supremi
1817 2391 1912 2442 arus
1940 2372 1983 2443 M
1992 2375 2152 2448 iniatri

527 2535 531 2546 ·
553 2475 723 2578 alaudem
750 2505 1031 2576 benemeritam
1051 2505 1258 2575 attribuere
1276 2503 1433 2598 gestiant
1450 2503 1670 2576 Academiae
1690 2504 2149 2600 Leopoldino-Caroliuae

552 2641 739 2712 »studiis«

646 2773 754 2864 Agite
781 2795 870 2842 vero
895 2795 1007 2860 nuno,
1036 2769 1210 2862 Collegae
1236 2768 1382 2864 optimi,
1411 2770 1613 2864 rideamus,
1642 2797 1735 2868 quae
1760 2797 1843 2844 eum
1870 2773 1928 2846 his
1953 2774 2139 2846 coniuncta

552 2908 599 2979 ad
627 2929 685 2977 res
713 2903 932 2974 Academiae
959 2914 1108 2973 nostrae
1133 2878 1335 2996 spectant.v

651 3073 703 3144 Et
733 3071 894 3166 primum
921 3070 1071 3164 quidem
1100 3067 1277 3141 Vestrum
1304 3080 1374 3161 est,
1400 3069 1487 3144 Viri
1512 3072 1771 3162 strenuissimi,
1798 3073 2015 3165 doctissimi,
2040 3072 2152 3144 Prae·

548 3209 643 3281 sidio
669 3205 866 3296 Adiunc'ti,
905 3227 1057 3292 cavere,
1098 3227 1146 3274 ne
1183 3206 1273 3298 quid
1303 3203 1504 3275 Academia
1537 3205 1576 3274 in
1614 3227 1712 3277 noro
1749 3206 1946 3303 aliquando
1973 3207 2149 3287 Praeside

551 3305 722 3435 eligendo
769 3340 889 3432 capiat
927 3337 1167 3436 detrimenti,
1217 3359 1265 3407 ne
1298 3322 1461 3407 transeat
1506 3339 1747 3408 inconsultius
1781 3339 1872 3410 fines
1906 3341 2152 3434 praescriptos

548 3475 697 3563 electio,
723 3474 935 3566 priusquam
962 3477 1115 3540 certum
1130 3470 1191 3560 ait,
1220 3493 1294 3540 non
1314 3470 1428 3563 perdi
1452 3465 1592 3540 mutata
1616 3473 1888 3543 sede'ennuum
1915 3475 2026 3543 istum
2055 3472 2151 3544 redi-

548 3623 666 3697 tum,¹
691 3617 756 3679 sed
791 3607 1111 3686 eademsumma'
1132 3614 1211 3673 tum
1243 3604 1291 3674 ab
1330 3603 1404 3674 alio
1443 3603 1642 3698 Principe,
1679 3605 1888 3677 litterarum
1929 3607 2077 3678 fautore
2112 3616 2149 3678 et

548 3757 679 3840 patre,
713 3743 757 3811 ad
795 3717 1032 3812 Academiam
1066 3737 1151 3808 data
1175 3736 1249 3809 fide
1273 3761 1354 3808 esse
1376 3748 1657 3830 perventurum,
1707 3739 1787 3810 Nec
1812 3711 1965 3811 dubium
1991 3753 2070 3832 est,
2096 3739 2149 3830 id,

545 3881 576 3948 si
603 3877 750 3972 quando
775 3873 867 3942 alius
893 3870 1119 3942 Germaniae
1145 3871 1251 3964 regni
1275 3872 1394 3943 civem
1419 3870 1556 3963 eligere
1582 3873 1796 3945 Praesident
1822 3873 2031 3968 placuerit,
2058 3895 2151 3968 pre·

422 4009 425 4014 ’
455 4065 460 4088 ,
547 4011 650 4082 cibus
676 4008 820 4078 Vestris
847 4027 953 4100 posse
978 4005 1192 4099 impetrari3
1224 4015 1310 4074 suat
1334 4004 1434 4073 enim
1461 4028 1590 4074 omnes
1616 4005 1892 4100 Principes,
1928 4007 1993 4102 qui
2017 4017 2149 4102 pater-

546 4167 637 4217 num
670 4139 790 4210 solum
823 4149 969 4230 regunt,
997 4145 1035 4206 et
1059 4135 1171 4229 Ipsi,
1201 4160 1275 4230 que
1300 4137 1418 4232 dccet,
1449 4119 1619 4233 plurimis
1644 4139 1750 4209 bonis
1775 4140 1918 4212 artibus
1943 4141 2150 4237 litterisque

424 4344 432 4361 ,
481 4353 488 4364 ,
546 4274 708 4378 exculti,
751 4283 788 4342 et
827 4287 969 4360 magna
991 4269 1219 4341 humanitate
1257 4259 1468 4342 litterarum
1504 4273 1769 4368 uirorumque,
1807 4277 1872 4371 qui
1907 4299 1970 4345 eas
2006 4275 2147 4365 colunt,

546 4409 742 4484 doctorum
774 4408 825 4475 ita
859 4393 1115 4495 observantes,
1151 4415 1293 4476 utnon
1319 4399 1525 4480 verendum
1551 4407 1620 4496 sit,
1656 4405 1843 4496 futurum,
1864 4420 1912 4479 'ut
1937 4430 1996 4479 res
2021 4419 2147 4479 nostra

443 4591 445 4596 .
544 4542 653 4616 nihili
679 4541 912 4611 existimetur
936 4560 1118 4631 unquam,
1155 4526 1216 4612 vel
1245 4541 1301 4610 uti
1325 4539 1517 4634 quisquam
1542 4539 1661 4610 Illis
1686 4543 1929 4636 persuadeat,
1953 4543 2049 4614 haee
2072 4541 2149 4614 sola

543 4675 720 4748 Eorum
736 4696 822 4768 *non
847 4695 945 4754 esse.
988 4673 1119 4766 quibus
1144 4683 1298 4742 naturae
1323 4671 1388 4742 illa
1411 4671 1668 4766 familiaritas,
1704 4675 1916 4746 homiuibus
1940 4645 2146 4768 utilissima,

321 4795 325 4802 ¹
420 4831 425 4844 ’
543 4822 707 4906 paratur,
734 4807 867 4902 quibus
894 4808 992 4880 ritae
1018 4813 1159 4875 tantum
1186 4828 1261 4875 non
1289 4807 1413 4876 omnia
1437 4806 1597 4878 urbsidia
1616 4822 1882 4901 provocantur,
1906 4809 2144 4901 excoluntur,

543 4945 675 5040 quibus
711 4965 834 5014 mores
873 4939 1115 5012 emolliuntur
1149 4937 1332 5033 silentque
1371 4961 1504 5035 saepe,
1542 4941 1603 5011 his
1638 4944 1901 5037 avocantibus,
1937 4941 2165 5038 gravissimi.

541 5080 750 5148 animorum
775 5063 953 5146 tumultus
980 5085 1023 5145 et·
1041 5095 1166 5165 curae,
1195 5073 1327 5167 quibua
1352 5072 1511 5168 denique
1534 5077 1671 5146 rectius
1696 5077 1771 5175 Dei
1786 5079 2019 5173 cognoscitur
2037 5099 2142 5176 opus,

542 5211 641 5309 quod
673 5211 743 5305 ipsi
778 5209 882 5303 Deo,
915 5220 1107 5304 postquam
1133 5216 1345 5300 creaverat,
1372 5201 1750 5282 nannetensem

2342 5120 2344 5223 l
