4692 6142
493 777 495 784 ,
626 713 700 766 xrv

626 893 932 992 praestantissimi
956 893 1013 966 illi
1039 888 1132 981 riri,
1168 875 1376 962 deliberent
1399 875 1499 973 luter
1522 911 1562 960 ss
1587 869 1790 985 mutuoque
1814 889 2074 984 approbando,
2106 893 2217 962 casti·-

627 1027 768 1126 gsndo‘,
797 1017 1039 1126 oppugnando
1063 1027 1110 1098 cd
1127 1048 1314 1098 summum
1332 1024 1513 1101 humanae
1537 1021 1775 1118 perfectionis
1790 1023 1975 1118 fastigium
1996 1023 2218 1119 cdntuntm

627 1165 720 1239 baec
746 1187 876 1238 eorum
901 1174 1000 1254 sunt,
1028 1151 1150 1234 in'his
1175 1185 1361 1233 summum
1382 1159 1595 1236 homiuibus
1621 1160 1857 1232 commodum
1881 1159 2167 1256 praeparabunt.

731 1332 873 1404 Contra
904 1331 1003 1402 idem
1027 1330 1059 1400 si
1084 1327 1207 1400 lacere
1234 1329 1324 1401 velit
1348 1353 1393 1400 ea
1408 1327 1619 1422 Academia,
1640 1353 1749 1426 quam
1766 1341 1969 1402 nostram
1984 1326 2218 1424 appellamus,

633 1491 783 1561 vereor,
810 1491 857 1540 nc
882 1466 973 1539 risui
997 1463 1124 1536 sutura
1143 1465 1213 1557 sit;
1240 1463 1432 1559 dispendio
1452 1464 1561 1536 unius
1582 1465 1656 1539 diei
1676 1488 1814 1537 aunum
1833 1464 2029 1561 perderet,
2051 1464 2221 1537 sectando

630 1601 782 1698 lamam,
816 1625 948 1711 vanam
972 1581 1013 1673 se
1037 1591 1216 1671 feminam
1243 1600 1391 1670 senibus
1417 1587 1490 1668 illis
1514 1596 1703 1692 proderet.

730 1771 835 1864 Quae
859 1769 1098 1864 singulorum
1126 1767 1234 1837 docta
1270 1788 1404 1870 opera,
1440 1761 1550 1866 laude
1575 1766 1699 1874 digna,
1731 1766 1834 1838 ultro
1856 1765 1977 1862 petria
2000 1762 2108 1856 tulit,
2133 1784 2220 1858 quas

632 1907 754 1981 exteri
786 1905 960 1977 tradituri
987 1895 1095 1996 sunt,
1120 1926 1162 1974 ea
1187 1903 1294 1973 nobis
1320 1901 1566 1996 vindiceatum
1601 1899 1649 1973 sd
1672 1899 1813 1978 ecrite
1837 1899 1982 1972 edenda
2005 1898 2137 1972 annum
2160 1921 2220 1972 ro-

631 2040 834 2140 luminibus
874 2036 1066 2109 sufficiunt
1106 2036 1273 2124 nummi3
1290 2071 1340 2092 -
1378 2034 1650 2107 exhauriuntur
1682 2033 1878 2130 quotannis
1918 2032 2061 2105 reditus
2100 2055 2219 2105 omnes

634 2173 858 2247 commercio
883 2173 1092 2244 litterarum
1119 2181 1157 2241 et
1182 2163 1309 2267 prelo,
1338 2170 1512 2265 editoqnc
1538 2169 1624 2240 dein
1657 2151 1846 2244 volumine
1878 2178 2098 2264 resurgunt5
2130 2168 2217 2240 redit

632 2308 680 2379 ab
714 2306 918 2378 emtoribus
952 2305 1039 2418 libri
1073 2328 1159 2400 pars
1194 2303 1346 2376 dimidia
1379 2295 1530 2394 eorum,
1570 2327 1667 2400 quus
1702 2301 1967 2401 expendimus,
2011 2293 2098 2400 pars
2130 2326 2213 2376 nors

553 2421 557 2429 ¹
632 2440 813 2524 redeunte
848 2461 941 2510 enno
986 2435 1108 2508 affluit
1133 2449 1386 2532 provocatque
1425 2461 1563 2511 novum
1588 2439 1775 2513 volumen.
1809 2439 1872 2529 Β]
1895 2437 1953 2510 his
1976 2418 2159 2528 efficitur,
2178 2448 2212 2506 ut
2345 2500 2346 2527 ,

629 2575 766 2646 modici
790 2574 904 2670 pretii
932 2574 1055 2646 veniet
1079 2571 1196 2662 liber,
1234 2595 1343 2666 quem
1375 2596 1495 2669 neque
1513 2569 1715 2666 bibliopola
1742 2571 1922 2685 quispiam
1947 2575 2023 2645 suis
2048 2568 2203 2642 sumtibus
2325 2584 2329 2591 ’

630 2707 813 2782 edendum
832 2704 943 2800 ¹facile
967 2705 1190 2798 susciperet,
1217 2728 1351 2805 neque,
1379 2706 1411 2775 si
1428 2706 1615 2794 edidisset,
1643 2715 1718 2775 tam
1743 2708 1851 2801 parci
1874 2717 1972 2801 qaset
1995 2704 2198 2792 venusam,

631 2850 847 2938 parceretre
878 2837 1008 2910 saltem
1042 2837 1252 2910 tabularum
1290 2862 1449 2911 numero
1473 2849 1511 2912 ct
1534 2810 1761 2934 ‘elegantiae
1994 2808 2008 2825 ’

732 3037 900 3113 Velimus
935 3040 1109 3136 quidem,
1146 3052 1195 3111 et
1227 3032 1316 3111 hoc
1349 3065 1531 3138 semper
1562 3045 1757 3114 maxime
1789 3041 1837 3114 in
1874 3042 1995 3128 rotis
2025 3049 2153 3134 crat,
2181 3051 2214 3108 ut

632 3171 733 3267 ves,
763 3175 874 3247 Cives
901 3174 1044 3270 optimi,
1079 3174 1142 3270 qui
1167 3163 1301 3268 opibus
1323 3176 1410 3244 satis
1435 3176 1586 3267 valetis,
1621 3201 1777 3249 omnes
1803 3175 1972 3253 ematis
2002 3177 2124 3248 haec
2145 3197 2216 3246 no·
2344 3166 2346 3299 l

626 3317 726 3381 ‘stra
761 3308 1007 3382 volumine
1042 3321 1079 3379 et
1118 3309 1221 3403 quasi
1266 3310 1448 3381 tributum
1489 3309 1663 3384 Vestrum
1697 3334 1766 3408 per
1797 3312 1837 3392 id
1873 3311 2037 3406 pendere
2067 3309 2219 3403 gestiatis

628 3443 804 3516 ‘scientiae
829 3443 989 3514 naturali
1014 3454 1053 3513 et
1077 3442 1255 3533 medicae,
1284 3467 1359 3538 quo
1385 3443 1446 3517 rel
1470 3443 1718 3538 meliorabis,
1744 3468 1839 3541 quae
1864 3469 1964 3517 nunc
1986 3445 2221 3532 tuctituimun

630 3577 802 3673 absolvi,
844 3577 906 3651 rel
942 3576 1053 3648 etiam
1089 3598 1281 3671 superesse
1320 3577 1444 3672 aliqua
1478 3581 1634 3674 possint,
1672 3603 1766 3676 quse
1808 3580 1992 3652 maiorem
2030 3573 2225 3676 aliquando

629 3725 766 3786 sortem
793 3724 925 3807 parent
958 3709 1192 3784 Academiae.
1244 3709 1350 3781 Haec
1376 3711 1467 3803 Vos,
1496 3713 1664 3804 obsecro,
1692 3736 1740 3786 ne
1766 3737 1894 3787 omncs
1917 3713 2122 3808 negligatis,
2149 3723 2223 3782 tun

629 3869 739 3944 spero
773 3845 880 3940 fore,
921 3857 964 3918 ut
988 3857 1112 3922 restra
1144 3844 1407 3920 benevolentia
1430 3857 1469 3918 et
1507 3845 1731 3920 liberalitate
1769 3866 1949 3944 prospers
1987 3847 2136 3943 aegptis
2170 3844 2227 3916 isti

629 3981 769 4054 cedant.
854 4025 855 4028 =
2345 3979 2346 3984 ’

728 4147 805 4220 Iam
844 4159 885 4220 ut
920 4148 1043 4224 verbis
1075 4171 1178 4242 spem
1214 4148 1397 4242 erigamus
1431 4159 1470 4219 et
1500 4149 1640 4220 bonum
1676 4151 1780 4245 qussi
1810 4151 2004 4245 augurium
2035 4149 2076 4218 irs
2102 4146 2224 4223 medin
2321 4143 2325 4151 ⁴

605 4323 607 4328 ·
630 4281 733 4356 luctu
758 4284 959 4377 capiemus,
987 4280 1123 4352 addere
1149 4281 1259 4352 liceat
1285 4282 1400 4354 verba
1416 4284 1630 4376 gravissima
1643 4285 1741 4374 Viri,
1769 4297 1807 4355 et
1827 4287 1957 4378 stirpe,
1985 4283 2227 4374 etdignitste,

627 4427 666 4490 et
686 4416 877 4513 sapientia,
905 4426 943 4486 et
969 4417 1179 4487 eruditione
1204 4415 1457 4506 illustrissimi,
1483 4417 1651 4488 Liberi
1677 4419 1875 4491 Beronis
1892 4414 2084 4506 ivisses,
2111 4416 2230 4508 Aps·-

626 4551 810 4622 demiae
844 4549 1024 4642 Regiae
1058 4545 1344 4621 Holmiensi's
1369 4550 1466 4620 isto
1492 4561 1712 4646 tempore
1737 4551 1989 4623 Praesidio
2039 4549 2121 4640 Qui
2146 4569 2232 4624 cum

625 4683 685 4756 die
723 4681 863 4754 XXXI
912 4651 1039 4790 Martii
1084 4681 1171 4753 enni
1209 4683 1402 4779 praeteriti
1436 4681 1657 4756 Academiae
1690 4685 1798 4756 buius
1839 4685 2094 4758 anniversaria
2130 4705 2230 4766 noro

621 4815 853 4912 solemnique
871 4840 1005 4913 pompa
1028 4815 1318 4906 celebrarentur,
1348 4828 1436 4887 ante
1455 4816 1783 4913 splendidissimam
1801 4805 2012 4892 auditorum
2033 4839 2233 4917 coronam,

624 4948 784 5046 ipsoque*
803 4951 951 5045 Regio
976 4935 1207 5046 Principe
1237 4953 1480 5044 auscultante,
1514 4953 1655 5025 diserte
1679 4957 1868 5052 exposuit,
1907 4955 2039 5051 quibus
2066 4954 2234 5033 maximo

498 5059 499 5062 Ἴ
621 5073 768 5155 differat
786 5108 865 5157 sors
891 5085 1123 5156 eruditorum
1147 5086 1195 5155 ab
1216 5105 1345 5156 eorum
1368 5085 1698 5194 conditionesqui,
1726 5089 1856 5162 officiis
1875 5089 2030 5184 publicis
2045 5084 2233 5170 adstricti,

620 5237 696 5288 non
720 5216 815 5312 ipsas
841 5217 1004 5312 litteras,
1036 5222 1101 5292 sed
1125 5219 1258 5294 harum
1295 5246 1363 5318 ope
1388 5219 1502 5294 finem
1527 5221 1819 5320 qualemcunque
1848 5229 2138 5319 persequuntur,
2167 5219 2231 5288 lit-
