<?xml version="1.0" encoding="UTF-8"?>
<!DOCTYPE html PUBLIC "-//W3C//DTD XHTML 1.0 Transitional//EN"
    "http://www.w3.org/TR/xhtml1/DTD/xhtml1-transitional.dtd">
<html xmlns="http://www.w3.org/1999/xhtml" xml:lang="en" lang="en">
 <head>
  <title>
</title>
<meta http-equiv="Content-Type" content="text/html;charset=utf-8" />
  <meta name='ocr-system' content='tesseract 3.04.00' />
  <meta name='ocr-capabilities' content='ocr_page ocr_carea ocr_par ocr_line ocrx_word'/>
</head>
<body>
  <div class='ocr_page' id='page_1' title='image "./novaactaphysico03curigoog/novaactaphysico03curigoog_0069.png"; bbox 0 0 4692 6142; ppageno 0'>
   <div class='ocr_carea' id='block_1_1' title="bbox 1689 614 1777 679">
    <p class='ocr_par' dir='ltr' id='par_1_1' title="bbox 1689 614 1777 679">
     <span class='ocr_line' id='line_1_1' title="bbox 1689 614 1777 679; baseline -0.034 -12"><span class='ocrx_word' id='word_1_1' title='bbox 1689 614 1777 679; x_wconf 73' lang='lat' dir='ltr'>mn</span> 
     </span>
    </p>
   </div>
   <div class='ocr_carea' id='block_1_2' title="bbox 175 820 1834 939">
    <p class='ocr_par' dir='ltr' id='par_1_2' title="bbox 175 820 1834 939">
     <span class='ocr_line' id='line_1_2' title="bbox 175 820 1834 939; baseline -0.003 -28"><span class='ocrx_word' id='word_1_2' title='bbox 175 820 423 939; x_wconf 66' lang='lat' dir='ltr'><strong>antiquiorem</strong></span> <span class='ocrx_word' id='word_1_3' title='bbox 448 861 557 936; x_wconf 88' lang='lat' dir='ltr'>quam</span> <span class='ocrx_word' id='word_1_4' title='bbox 584 837 840 910; x_wconf 78' lang='lat' dir='ltr'>recentiorem.</span> <span class='ocrx_word' id='word_1_5' title='bbox 894 835 1096 923; x_wconf 80' lang='lat' dir='ltr'>Praeterea</span> <span class='ocrx_word' id='word_1_6' title='bbox 1121 837 1160 906; x_wconf 91' lang='lat' dir='ltr'>in</span> <span class='ocrx_word' id='word_1_7' title='bbox 1187 834 1287 906; x_wconf 86' lang='lat' dir='ltr'>orbis</span> <span class='ocrx_word' id='word_1_8' title='bbox 1313 823 1504 903; x_wconf 86' lang='lat' dir='ltr'>terrarum</span> <span class='ocrx_word' id='word_1_9' title='bbox 1530 832 1776 926; x_wconf 85' lang='lat' dir='ltr'>cognitionem</span> <span class='ocrx_word' id='word_1_10' title='bbox 1832 856 1834 859; x_wconf 84' lang='lat'>·</span> 
     </span>
    </p>
   </div>
   <div class='ocr_carea' id='block_1_3' title="bbox 122 966 1881 2656">
    <p class='ocr_par' dir='ltr' id='par_1_3' title="bbox 122 966 1881 1592">
     <span class='ocr_line' id='line_1_3' title="bbox 177 966 1775 1069; baseline -0.008 -20"><span class='ocrx_word' id='word_1_11' title='bbox 177 967 216 1050; x_wconf 87' lang='lat' dir='ltr'>et</span> <span class='ocrx_word' id='word_1_12' title='bbox 235 981 275 1048; x_wconf 93' lang='lat' dir='ltr'>iu</span> <span class='ocrx_word' id='word_1_13' title='bbox 299 986 447 1048; x_wconf 85' lang='lat' dir='ltr'>caetera</span> <span class='ocrx_word' id='word_1_14' title='bbox 472 971 617 1060; x_wconf 85' lang='lat' dir='ltr'>omnia,</span> <span class='ocrx_word' id='word_1_15' title='bbox 644 993 739 1064; x_wconf 89' lang='lat' dir='ltr'>quae</span> <span class='ocrx_word' id='word_1_16' title='bbox 766 994 790 1040; x_wconf 89' lang='lat' dir='ltr'>a</span> <span class='ocrx_word' id='word_1_17' title='bbox 814 968 938 1060; x_wconf 90' lang='lat' dir='ltr'>culto,</span> <span class='ocrx_word' id='word_1_18' title='bbox 966 968 1184 1069; x_wconf 87' lang='lat' dir='ltr'>quinetiam</span> <span class='ocrx_word' id='word_1_19' title='bbox 1218 969 1330 1039; x_wconf 87' lang='lat' dir='ltr'>docto</span> <span class='ocrx_word' id='word_1_20' title='bbox 1355 966 1458 1056; x_wconf 77' lang='lat' dir='ltr'>viro,</span> <span class='ocrx_word' id='word_1_21' title='bbox 1487 966 1582 1062; x_wconf 78' lang='lat' dir='ltr'>exigi</span> <span class='ocrx_word' id='word_1_22' title='bbox 1608 978 1775 1058; x_wconf 88' lang='lat' dir='ltr'>possunt,</span> 
     </span>
     <span class='ocr_line' id='line_1_4' title="bbox 122 1093 1881 1192; baseline -0.005 -12"><span class='ocrx_word' id='word_1_23' title='bbox 122 1093 129 1108; x_wconf 62' lang='lat'><strong><em>‘</em></strong></span> <span class='ocrx_word' id='word_1_24' title='bbox 175 1112 227 1182; x_wconf 85' lang='lat' dir='ltr'>its</span> <span class='ocrx_word' id='word_1_25' title='bbox 251 1133 290 1180; x_wconf 87' lang='lat' dir='ltr'>se</span> <span class='ocrx_word' id='word_1_26' title='bbox 316 1109 583 1192; x_wconf 78' lang='lat' dir='ltr'>insinuaverat,</span> <span class='ocrx_word' id='word_1_27' title='bbox 625 1103 788 1192; x_wconf 85' lang='lat' dir='ltr'>utiam,</span> <span class='ocrx_word' id='word_1_28' title='bbox 829 1125 913 1173; x_wconf 90' lang='lat' dir='ltr'>cum</span> <span class='ocrx_word' id='word_1_29' title='bbox 940 1101 1176 1192; x_wconf 84' lang='lat' dir='ltr'>Groningam</span> <span class='ocrx_word' id='word_1_30' title='bbox 1201 1100 1368 1188; x_wconf 85' lang='lat' dir='ltr'>reniret,</span> <span class='ocrx_word' id='word_1_31' title='bbox 1406 1099 1511 1172; x_wconf 84' lang='lat' dir='ltr'>valde</span> <span class='ocrx_word' id='word_1_32' title='bbox 1535 1099 1675 1169; x_wconf 88' lang='lat' dir='ltr'>literati</span> <span class='ocrx_word' id='word_1_33' title='bbox 1703 1111 1777 1172; x_wconf 89' lang='lat' dir='ltr'>stu·</span> <span class='ocrx_word' id='word_1_34' title='bbox 1875 1127 1881 1134; x_wconf 90' lang='lat'><strong>·</strong></span> 
     </span>
     <span class='ocr_line' id='line_1_5' title="bbox 177 1211 1768 1332; baseline -0.005 -22"><span class='ocrx_word' id='word_1_35' title='bbox 177 1241 294 1330; x_wconf 87' lang='lat' dir='ltr'>diesi,</span> <span class='ocrx_word' id='word_1_36' title='bbox 328 1239 499 1332; x_wconf 84' lang='lat' dir='ltr'>quicum</span> <span class='ocrx_word' id='word_1_37' title='bbox 523 1233 645 1304; x_wconf 88' lang='lat' dir='ltr'>statim</span> <span class='ocrx_word' id='word_1_38' title='bbox 671 1211 977 1328; x_wconf 73' lang='lat' dir='ltr'>poetadrenturn</span> <span class='ocrx_word' id='word_1_39' title='bbox 1004 1231 1050 1302; x_wconf 91' lang='lat' dir='ltr'>de</span> <span class='ocrx_word' id='word_1_40' title='bbox 1078 1231 1235 1306; x_wconf 84' lang='lat' dir='ltr'>diversis</span> <span class='ocrx_word' id='word_1_41' title='bbox 1262 1232 1442 1301; x_wconf 80' lang='lat' dir='ltr'>doctrinis</span> <span class='ocrx_word' id='word_1_42' title='bbox 1467 1230 1678 1326; x_wconf 90' lang='lat' dir='ltr'>loquentem</span> <span class='ocrx_word' id='word_1_43' title='bbox 1706 1257 1768 1302; x_wconf 87' lang='lat' dir='ltr'>au-</span> 
     </span>
     <span class='ocr_line' id='line_1_6' title="bbox 177 1365 1777 1459; baseline -0.004 -17"><span class='ocrx_word' id='word_1_44' title='bbox 177 1374 370 1459; x_wconf 81' lang='lat' dir='ltr'>divissent,</span> <span class='ocrx_word' id='word_1_45' title='bbox 398 1393 470 1440; x_wconf 87' lang='lat' dir='ltr'>una</span> <span class='ocrx_word' id='word_1_46' title='bbox 496 1391 587 1456; x_wconf 81' lang='lat' dir='ltr'>roce</span> <span class='ocrx_word' id='word_1_47' title='bbox 612 1367 937 1452; x_wconf 85' lang='lat' dir='ltr'>confirmaverint,</span> <span class='ocrx_word' id='word_1_48' title='bbox 978 1387 1018 1436; x_wconf 88' lang='lat' dir='ltr'>se</span> <span class='ocrx_word' id='word_1_49' title='bbox 1053 1387 1121 1456; x_wconf 91' lang='lat' dir='ltr'>per</span> <span class='ocrx_word' id='word_1_50' title='bbox 1162 1386 1312 1434; x_wconf 88' lang='lat' dir='ltr'>cursum</span> <span class='ocrx_word' id='word_1_51' title='bbox 1350 1365 1598 1434; x_wconf 88' lang='lat' dir='ltr'>academicum</span> <span class='ocrx_word' id='word_1_52' title='bbox 1634 1365 1777 1436; x_wconf 88' lang='lat' dir='ltr'>nullum</span> 
     </span>
     <span class='ocr_line' id='line_1_7' title="bbox 176 1495 1610 1592; baseline -0.007 -18"><span class='ocrx_word' id='word_1_53' title='bbox 176 1504 356 1578; x_wconf 83' lang='lat' dir='ltr'>novitium</span> <span class='ocrx_word' id='word_1_54' title='bbox 380 1501 563 1575; x_wconf 85' lang='lat' dir='ltr'>invenisse</span> <span class='ocrx_word' id='word_1_55' title='bbox 577 1549 588 1590; x_wconf 93' lang='lat'>,</span> <span class='ocrx_word' id='word_1_56' title='bbox 616 1501 681 1592; x_wconf 90' lang='lat' dir='ltr'>qui</span> <span class='ocrx_word' id='word_1_57' title='bbox 707 1500 742 1568; x_wconf 91' lang='lat' dir='ltr'>ei</span> <span class='ocrx_word' id='word_1_58' title='bbox 768 1498 1043 1592; x_wconf 87' lang='lat' dir='ltr'>quodammodo</span> <span class='ocrx_word' id='word_1_59' title='bbox 1071 1507 1217 1568; x_wconf 90' lang='lat' dir='ltr'>tantum</span> <span class='ocrx_word' id='word_1_60' title='bbox 1245 1495 1411 1567; x_wconf 79' lang='lat' dir='ltr'>conferri</span> <span class='ocrx_word' id='word_1_61' title='bbox 1436 1510 1566 1591; x_wconf 88' lang='lat' dir='ltr'>posset.</span> <span class='ocrx_word' id='word_1_62' title='bbox 1607 1539 1610 1542; x_wconf 89' lang='lat'>-</span> 
     </span>
    </p>

    <p class='ocr_par' dir='ltr' id='par_1_4' title="bbox 176 1625 1781 1860">
     <span class='ocr_line' id='line_1_8' title="bbox 276 1625 1781 1726; baseline -0.004 -24"><span class='ocrx_word' id='word_1_63' title='bbox 276 1633 328 1703; x_wconf 90' lang='lat' dir='ltr'>Et</span> <span class='ocrx_word' id='word_1_64' title='bbox 338 1632 397 1702; x_wconf 89' lang='lat' dir='ltr'>isti</span> <span class='ocrx_word' id='word_1_65' title='bbox 407 1634 555 1726; x_wconf 90' lang='lat' dir='ltr'>quidem</span> <span class='ocrx_word' id='word_1_66' title='bbox 564 1631 725 1723; x_wconf 85' lang='lat' dir='ltr'>ingenio,</span> <span class='ocrx_word' id='word_1_67' title='bbox 748 1630 834 1699; x_wconf 90' lang='lat' dir='ltr'>huic</span> <span class='ocrx_word' id='word_1_68' title='bbox 847 1628 1036 1700; x_wconf 81' lang='lat' dir='ltr'>sedulitati</span> <span class='ocrx_word' id='word_1_69' title='bbox 1051 1630 1380 1698; x_wconf 87' lang='lat' dir='ltr'>accessitincensus</span> <span class='ocrx_word' id='word_1_70' title='bbox 1393 1630 1549 1718; x_wconf 91' lang='lat' dir='ltr'>animus,</span> <span class='ocrx_word' id='word_1_71' title='bbox 1559 1625 1644 1722; x_wconf 84' lang='lat' dir='ltr'>&#39;quo</span> <span class='ocrx_word' id='word_1_72' title='bbox 1660 1629 1781 1698; x_wconf 88' lang='lat' dir='ltr'>omnia</span> 
     </span>
     <span class='ocr_line' id='line_1_9' title="bbox 176 1749 1781 1860; baseline -0.008 -21"><span class='ocrx_word' id='word_1_73' title='bbox 176 1769 348 1860; x_wconf 84' lang='lat' dir='ltr'>suscepit,</span> <span class='ocrx_word' id='word_1_74' title='bbox 378 1765 591 1853; x_wconf 89' lang='lat' dir='ltr'>constantia,</span> <span class='ocrx_word' id='word_1_75' title='bbox 620 1749 883 1856; x_wconf 85' lang='lat' dir='ltr'>quasustinuit,</span> <span class='ocrx_word' id='word_1_76' title='bbox 916 1772 953 1830; x_wconf 90' lang='lat' dir='ltr'>et</span> <span class='ocrx_word' id='word_1_77' title='bbox 966 1783 1084 1850; x_wconf 88' lang='lat' dir='ltr'>amor,</span> <span class='ocrx_word' id='word_1_78' title='bbox 1114 1784 1187 1853; x_wconf 93' lang='lat' dir='ltr'>quo</span> <span class='ocrx_word' id='word_1_79' title='bbox 1205 1761 1393 1830; x_wconf 87' lang='lat' dir='ltr'>doctrinae</span> <span class='ocrx_word' id='word_1_80' title='bbox 1413 1784 1499 1829; x_wconf 91' lang='lat' dir='ltr'>suae</span> <span class='ocrx_word' id='word_1_81' title='bbox 1526 1762 1670 1829; x_wconf 87' lang='lat' dir='ltr'>deditus</span> <span class='ocrx_word' id='word_1_82' title='bbox 1697 1760 1781 1828; x_wconf 84' lang='lat' dir='ltr'>suit.</span> 
     </span>
    </p>

    <p class='ocr_par' dir='ltr' id='par_1_5' title="bbox 176 1865 1779 2656">
     <span class='ocr_line' id='line_1_10' title="bbox 275 1865 1777 1986; baseline -0.004 -18"><span class='ocrx_word' id='word_1_83' title='bbox 275 1883 355 1970; x_wconf 76' lang='lat' dir='ltr'>lar&#39;n</span> <span class='ocrx_word' id='word_1_84' title='bbox 392 1898 530 1967; x_wconf 90' lang='lat' dir='ltr'>dudum</span> <span class='ocrx_word' id='word_1_85' title='bbox 565 1897 859 1970; x_wconf 83' lang='lat' dir='ltr'>animadversum</span> <span class='ocrx_word' id='word_1_86' title='bbox 894 1906 970 1982; x_wconf 86' lang='lat' dir='ltr'>est,</span> <span class='ocrx_word' id='word_1_87' title='bbox 1007 1882 1201 1962; x_wconf 86' lang='lat' dir='ltr'>historiam</span> <span class='ocrx_word' id='word_1_88' title='bbox 1228 1905 1383 1963; x_wconf 90' lang='lat' dir='ltr'>naturae</span> <span class='ocrx_word' id='word_1_89' title='bbox 1406 1895 1544 1984; x_wconf 86' lang='lat' dir='ltr'>magis,</span> <span class='ocrx_word' id='word_1_90' title='bbox 1583 1865 1692 1986; x_wconf 85' lang='lat' dir='ltr'>quarn</span> <span class='ocrx_word' id='word_1_91' title='bbox 1720 1916 1777 1962; x_wconf 91' lang='lat' dir='ltr'>ce-</span> 
     </span>
     <span class='ocr_line' id='line_1_11' title="bbox 176 2025 1777 2120; baseline -0.006 -16"><span class='ocrx_word' id='word_1_92' title='bbox 176 2047 274 2120; x_wconf 79' lang='lat' dir='ltr'>teras</span> <span class='ocrx_word' id='word_1_93' title='bbox 301 2032 512 2120; x_wconf 87' lang='lat' dir='ltr'>doctrinas,</span> <span class='ocrx_word' id='word_1_94' title='bbox 551 2031 714 2098; x_wconf 87' lang='lat' dir='ltr'>animum</span> <span class='ocrx_word' id='word_1_95' title='bbox 747 2027 956 2115; x_wconf 86' lang='lat' dir='ltr'>oblectare,</span> <span class='ocrx_word' id='word_1_96' title='bbox 997 2025 1166 2098; x_wconf 84' lang='lat' dir='ltr'>utnulla</span> <span class='ocrx_word' id='word_1_97' title='bbox 1196 2036 1258 2094; x_wconf 91' lang='lat' dir='ltr'>aut</span> <span class='ocrx_word' id='word_1_98' title='bbox 1282 2026 1409 2095; x_wconf 85' lang='lat' dir='ltr'>saltem</span> <span class='ocrx_word' id='word_1_99' title='bbox 1437 2048 1620 2120; x_wconf 86' lang='lat' dir='ltr'>perpauca</span> <span class='ocrx_word' id='word_1_100' title='bbox 1639 2049 1777 2094; x_wconf 82' lang='lat' dir='ltr'>exem-</span> 
     </span>
     <span class='ocr_line' id='line_1_12' title="bbox 178 2157 1779 2258; baseline -0.004 -25"><span class='ocrx_word' id='word_1_101' title='bbox 178 2166 242 2258; x_wconf 86' lang='lat' dir='ltr'>pla</span> <span class='ocrx_word' id='word_1_102' title='bbox 279 2165 369 2253; x_wconf 88' lang='lat' dir='ltr'>sint,</span> <span class='ocrx_word' id='word_1_103' title='bbox 416 2164 587 2237; x_wconf 78' lang='lat' dir='ltr'>iuvenem</span> <span class='ocrx_word' id='word_1_104' title='bbox 624 2183 830 2254; x_wconf 86' lang='lat' dir='ltr'>quemque,</span> <span class='ocrx_word' id='word_1_105' title='bbox 867 2159 948 2228; x_wconf 89' lang='lat' dir='ltr'>aliis</span> <span class='ocrx_word' id='word_1_106' title='bbox 986 2157 1165 2228; x_wconf 85' lang='lat' dir='ltr'>doctrinis</span> <span class='ocrx_word' id='word_1_107' title='bbox 1192 2157 1490 2249; x_wconf 81' lang='lat' dir='ltr'>incumbentem,</span> <span class='ocrx_word' id='word_1_108' title='bbox 1527 2168 1629 2231; x_wconf 86' lang='lat' dir='ltr'>tanto</span> <span class='ocrx_word' id='word_1_109' title='bbox 1654 2158 1779 2226; x_wconf 89' lang='lat' dir='ltr'>studio</span> 
     </span>
     <span class='ocr_line' id='line_1_13' title="bbox 178 2289 1778 2388; baseline -0.004 -22"><span class='ocrx_word' id='word_1_110' title='bbox 178 2297 373 2388; x_wconf 87' lang='lat' dir='ltr'>flagrasse,</span> <span class='ocrx_word' id='word_1_111' title='bbox 411 2306 511 2365; x_wconf 87' lang='lat' dir='ltr'>tanto</span> <span class='ocrx_word' id='word_1_112' title='bbox 547 2318 631 2364; x_wconf 93' lang='lat' dir='ltr'>oum</span> <span class='ocrx_word' id='word_1_113' title='bbox 673 2295 795 2364; x_wconf 89' lang='lat' dir='ltr'>animo</span> <span class='ocrx_word' id='word_1_114' title='bbox 832 2289 997 2386; x_wconf 90' lang='lat' dir='ltr'>pericula</span> <span class='ocrx_word' id='word_1_115' title='bbox 1031 2291 1212 2380; x_wconf 82' lang='lat' dir='ltr'>subiisse,</span> <span class='ocrx_word' id='word_1_116' title='bbox 1258 2302 1432 2384; x_wconf 84' lang='lat' dir='ltr'>tantaque</span> <span class='ocrx_word' id='word_1_117' title='bbox 1475 2291 1613 2362; x_wconf 79' lang='lat' dir='ltr'>uirtute</span> <span class='ocrx_word' id='word_1_118' title='bbox 1648 2312 1778 2359; x_wconf 92' lang='lat' dir='ltr'>eorum</span> 
     </span>
     <span class='ocr_line' id='line_1_14' title="bbox 180 2396 1778 2521; baseline -0.005 -22"><span class='ocrx_word' id='word_1_119' title='bbox 180 2453 289 2499; x_wconf 88' lang='lat' dir='ltr'>causa</span> <span class='ocrx_word' id='word_1_120' title='bbox 326 2429 484 2521; x_wconf 88' lang='lat' dir='ltr'>inopiam</span> <span class='ocrx_word' id='word_1_121' title='bbox 518 2415 666 2517; x_wconf 85' lang='lat' dir='ltr'>tulisse,</span> <span class='ocrx_word' id='word_1_122' title='bbox 704 2439 841 2520; x_wconf 85' lang='lat' dir='ltr'>quante</span> <span class='ocrx_word' id='word_1_123' title='bbox 868 2437 1021 2496; x_wconf 87' lang='lat' dir='ltr'>naturae</span> <span class='ocrx_word' id='word_1_124' title='bbox 1046 2435 1272 2496; x_wconf 85' lang='lat' dir='ltr'>scrutatores</span> <span class='ocrx_word' id='word_1_125' title='bbox 1297 2425 1336 2494; x_wconf 89' lang='lat' dir='ltr'>in</span> <span class='ocrx_word' id='word_1_126' title='bbox 1362 2396 1471 2493; x_wconf 81' lang='lat' dir='ltr'>huius</span> <span class='ocrx_word' id='word_1_127' title='bbox 1497 2424 1669 2492; x_wconf 84' lang='lat' dir='ltr'>scientiae</span> <span class='ocrx_word' id='word_1_128' title='bbox 1695 2445 1778 2492; x_wconf 87' lang='lat' dir='ltr'>am-</span> 
     </span>
     <span class='ocr_line' id='line_1_15' title="bbox 179 2527 1750 2656; baseline -0.006 -26"><span class='ocrx_word' id='word_1_129' title='bbox 179 2562 441 2656; x_wconf 83' lang='lat' dir='ltr'>plificationem</span> <span class='ocrx_word' id='word_1_130' title='bbox 468 2561 680 2653; x_wconf 82' lang='lat' dir='ltr'>gratissima</span> <span class='ocrx_word' id='word_1_131' title='bbox 705 2561 774 2628; x_wconf 89' lang='lat' dir='ltr'>ista</span> <span class='ocrx_word' id='word_1_132' title='bbox 801 2562 970 2630; x_wconf 88' lang='lat' dir='ltr'>subeunt.</span> <span class='ocrx_word' id='word_1_133' title='bbox 1182 2527 1190 2542; x_wconf 18' lang='grc' dir='ltr'>ἱ</span> <span class='ocrx_word' id='word_1_134' title='bbox 1741 2539 1750 2549; x_wconf 61' lang='grc'><em>’</em></span> 
     </span>
    </p>
   </div>
   <div class='ocr_carea' id='block_1_4' title="bbox 278 2684 1940 2808">
    <p class='ocr_par' dir='ltr' id='par_1_6' title="bbox 278 2684 1940 2808">
     <span class='ocr_line' id='line_1_16' title="bbox 278 2684 1940 2808; baseline -0.009 -44"><span class='ocrx_word' id='word_1_135' title='bbox 278 2694 384 2764; x_wconf 86' lang='lat' dir='ltr'>Haec</span> <span class='ocrx_word' id='word_1_136' title='bbox 418 2705 550 2808; x_wconf 22' lang='lat' dir='ltr'>autem*</span> <span class='ocrx_word' id='word_1_137' title='bbox 577 2693 700 2762; x_wconf 89' lang='lat' dir='ltr'>omnia</span> <span class='ocrx_word' id='word_1_138' title='bbox 733 2693 773 2763; x_wconf 89' lang='lat' dir='ltr'>in</span> <span class='ocrx_word' id='word_1_139' title='bbox 802 2692 945 2762; x_wconf 86' lang='lat' dir='ltr'>Kuhlio</span> <span class='ocrx_word' id='word_1_140' title='bbox 979 2700 1086 2757; x_wconf 90' lang='lat' dir='ltr'>erant</span> <span class='ocrx_word' id='word_1_141' title='bbox 1111 2684 1347 2754; x_wconf 85' lang='lat' dir='ltr'>coniuncta·</span> <span class='ocrx_word' id='word_1_142' title='bbox 1379 2685 1535 2756; x_wconf 87' lang='lat' dir='ltr'>Praeter</span> <span class='ocrx_word' id='word_1_143' title='bbox 1571 2684 1658 2754; x_wconf 88' lang='lat' dir='ltr'>alias</span> <span class='ocrx_word' id='word_1_144' title='bbox 1692 2686 1777 2758; x_wconf 82' lang='lat' dir='ltr'>rir-</span> <span class='ocrx_word' id='word_1_145' title='bbox 1833 2735 1847 2746; x_wconf 77' lang='grc'>.</span> <span class='ocrx_word' id='word_1_146' title='bbox 1935 2767 1940 2776; x_wconf 30' lang='lat'><strong><em>¹</em></strong></span> 
     </span>
    </p>
   </div>
   <div class='ocr_carea' id='block_1_5' title="bbox 125 2809 1926 5176">
    <p class='ocr_par' dir='ltr' id='par_1_7' title="bbox 136 2809 1784 3311">
     <span class='ocr_line' id='line_1_17' title="bbox 136 2809 1779 2916; baseline -0.005 -22"><span class='ocrx_word' id='word_1_147' title='bbox 136 2877 142 2887; x_wconf 92' lang='lat'><em>.</em></span> <span class='ocrx_word' id='word_1_148' title='bbox 183 2837 304 2915; x_wconf 89' lang='lat' dir='ltr'>tutes,</span> <span class='ocrx_word' id='word_1_149' title='bbox 344 2809 476 2914; x_wconf 82' lang='lat' dir='ltr'>quibus</span> <span class='ocrx_word' id='word_1_150' title='bbox 509 2833 661 2892; x_wconf 87' lang='lat' dir='ltr'>ornatus</span> <span class='ocrx_word' id='word_1_151' title='bbox 702 2834 808 2911; x_wconf 90' lang='lat' dir='ltr'>erat,</span> <span class='ocrx_word' id='word_1_152' title='bbox 846 2821 1017 2916; x_wconf 81' lang='lat' dir='ltr'>excelluit</span> <span class='ocrx_word' id='word_1_153' title='bbox 1054 2841 1200 2912; x_wconf 88' lang='lat' dir='ltr'>quoque</span> <span class='ocrx_word' id='word_1_154' title='bbox 1242 2817 1471 2906; x_wconf 84' lang='lat' dir='ltr'>abstinentia.</span> <span class='ocrx_word' id='word_1_155' title='bbox 1533 2815 1634 2887; x_wconf 84' lang='lat' dir='ltr'>Pane</span> <span class='ocrx_word' id='word_1_156' title='bbox 1667 2817 1779 2905; x_wconf 84' lang='lat' dir='ltr'>sicco,</span> 
     </span>
     <span class='ocr_line' id='line_1_18' title="bbox 182 2922 1784 3051; baseline -0.005 -27"><span class='ocrx_word' id='word_1_157' title='bbox 182 2979 276 3049; x_wconf 89' lang='lat' dir='ltr'>aqua</span> <span class='ocrx_word' id='word_1_158' title='bbox 300 2953 360 3025; x_wconf 89' lang='lat' dir='ltr'>vel</span> <span class='ocrx_word' id='word_1_159' title='bbox 390 2953 485 3021; x_wconf 89' lang='lat' dir='ltr'>lacte</span> <span class='ocrx_word' id='word_1_160' title='bbox 505 2951 705 3022; x_wconf 88' lang='lat' dir='ltr'>dummodo</span> <span class='ocrx_word' id='word_1_161' title='bbox 729 2950 865 3022; x_wconf 84' lang='lat' dir='ltr'>famem</span> <span class='ocrx_word' id='word_1_162' title='bbox 887 2962 925 3022; x_wconf 91' lang='lat' dir='ltr'>et</span> <span class='ocrx_word' id='word_1_163' title='bbox 963 2952 1061 3022; x_wconf 87' lang='lat' dir='ltr'>sitim</span> <span class='ocrx_word' id='word_1_164' title='bbox 1084 2949 1274 3042; x_wconf 83' lang='lat' dir='ltr'>expleret,</span> <span class='ocrx_word' id='word_1_165' title='bbox 1313 2949 1352 3017; x_wconf 90' lang='lat' dir='ltr'>in</span> <span class='ocrx_word' id='word_1_166' title='bbox 1370 2948 1563 3051; x_wconf 77' lang='lat' dir='ltr'>itineribus</span> <span class='ocrx_word' id='word_1_167' title='bbox 1588 2949 1662 3017; x_wconf 87' lang='lat' dir='ltr'>suis</span> <span class='ocrx_word' id='word_1_168' title='bbox 1688 2922 1784 3017; x_wconf 88' lang='lat' dir='ltr'>nihil</span> 
     </span>
     <span class='ocr_line' id='line_1_19' title="bbox 183 3083 1780 3180; baseline -0.005 -22"><span class='ocrx_word' id='word_1_169' title='bbox 183 3088 433 3173; x_wconf 81' lang='lat' dir='ltr'>desiderabat,</span> <span class='ocrx_word' id='word_1_170' title='bbox 461 3085 573 3155; x_wconf 90' lang='lat' dir='ltr'>modo</span> <span class='ocrx_word' id='word_1_171' title='bbox 590 3085 723 3173; x_wconf 87' lang='lat' dir='ltr'>finem,</span> <span class='ocrx_word' id='word_1_172' title='bbox 752 3107 862 3179; x_wconf 88' lang='lat' dir='ltr'>quem</span> <span class='ocrx_word' id='word_1_173' title='bbox 888 3107 1002 3156; x_wconf 91' lang='lat' dir='ltr'>unum</span> <span class='ocrx_word' id='word_1_174' title='bbox 1027 3084 1342 3180; x_wconf 87' lang='lat' dir='ltr'>persequebatur,</span> <span class='ocrx_word' id='word_1_175' title='bbox 1370 3083 1620 3174; x_wconf 86' lang='lat' dir='ltr'>cognitionum</span> <span class='ocrx_word' id='word_1_176' title='bbox 1647 3103 1780 3174; x_wconf 85' lang='lat' dir='ltr'>augen-</span> 
     </span>
     <span class='ocr_line' id='line_1_20' title="bbox 183 3216 1508 3311; baseline -0.002 -23"><span class='ocrx_word' id='word_1_177' title='bbox 183 3219 313 3290; x_wconf 88' lang='lat' dir='ltr'>darum</span> <span class='ocrx_word' id='word_1_178' title='bbox 341 3227 380 3286; x_wconf 87' lang='lat' dir='ltr'>et</span> <span class='ocrx_word' id='word_1_179' title='bbox 404 3238 532 3287; x_wconf 90' lang='lat' dir='ltr'>rerum</span> <span class='ocrx_word' id='word_1_180' title='bbox 556 3216 812 3286; x_wconf 87' lang='lat' dir='ltr'>discendarum</span> <span class='ocrx_word' id='word_1_181' title='bbox 840 3218 966 3308; x_wconf 71' lang='lat' dir='ltr'>copiae</span> <span class='ocrx_word' id='word_1_182' title='bbox 992 3217 1274 3311; x_wconf 86' lang='lat' dir='ltr'>locupletandae</span> <span class='ocrx_word' id='word_1_183' title='bbox 1298 3217 1508 3309; x_wconf 85' lang='lat' dir='ltr'>attingeret.</span> 
     </span>
    </p>

    <p class='ocr_par' dir='ltr' id='par_1_8' title="bbox 125 3348 1865 4770">
     <span class='ocr_line' id='line_1_21' title="bbox 283 3348 1781 3445; baseline 0 -27"><span class='ocrx_word' id='word_1_184' title='bbox 283 3349 338 3418; x_wconf 91' lang='lat' dir='ltr'>Ut</span> <span class='ocrx_word' id='word_1_185' title='bbox 375 3349 461 3420; x_wconf 85' lang='lat' dir='ltr'>huic</span> <span class='ocrx_word' id='word_1_186' title='bbox 494 3351 671 3438; x_wconf 86' lang='lat' dir='ltr'>serviret,</span> <span class='ocrx_word' id='word_1_187' title='bbox 714 3361 882 3442; x_wconf 87' lang='lat' dir='ltr'>patrem,</span> <span class='ocrx_word' id='word_1_188' title='bbox 920 3351 1076 3445; x_wconf 88' lang='lat' dir='ltr'>patriam</span> <span class='ocrx_word' id='word_1_189' title='bbox 1108 3361 1146 3420; x_wconf 88' lang='lat' dir='ltr'>et</span> <span class='ocrx_word' id='word_1_190' title='bbox 1188 3351 1326 3421; x_wconf 84' lang='lat' dir='ltr'>amicos</span> <span class='ocrx_word' id='word_1_191' title='bbox 1361 3348 1538 3442; x_wconf 88' lang='lat' dir='ltr'>reliquit,</span> <span class='ocrx_word' id='word_1_192' title='bbox 1576 3349 1648 3419; x_wconf 92' lang='lat' dir='ltr'>hoc</span> <span class='ocrx_word' id='word_1_193' title='bbox 1673 3349 1781 3420; x_wconf 89' lang='lat' dir='ltr'>unice</span> 
     </span>
     <span class='ocr_line' id='line_1_22' title="bbox 125 3465 1774 3586; baseline -0.001 -34"><span class='ocrx_word' id='word_1_194' title='bbox 125 3561 133 3586; x_wconf 23' lang='lat' dir='ltr'>x</span> <span class='ocrx_word' id='word_1_195' title='bbox 182 3482 394 3576; x_wconf 89' lang='lat' dir='ltr'>quaerendo</span> <span class='ocrx_word' id='word_1_196' title='bbox 412 3465 579 3552; x_wconf 77' lang='lat' dir='ltr'>maximis</span> <span class='ocrx_word' id='word_1_197' title='bbox 604 3504 644 3551; x_wconf 87' lang='lat' dir='ltr'>so</span> <span class='ocrx_word' id='word_1_198' title='bbox 669 3483 841 3578; x_wconf 88' lang='lat' dir='ltr'>periculis</span> <span class='ocrx_word' id='word_1_199' title='bbox 869 3482 1023 3571; x_wconf 90' lang='lat' dir='ltr'>obiecit,</span> <span class='ocrx_word' id='word_1_200' title='bbox 1050 3507 1144 3578; x_wconf 90' lang='lat' dir='ltr'>quae</span> <span class='ocrx_word' id='word_1_201' title='bbox 1170 3482 1408 3578; x_wconf 86' lang='lat' dir='ltr'>longinquum</span> <span class='ocrx_word' id='word_1_202' title='bbox 1432 3481 1506 3554; x_wconf 89' lang='lat' dir='ltr'>iter</span> <span class='ocrx_word' id='word_1_203' title='bbox 1530 3482 1774 3570; x_wconf 85' lang='lat' dir='ltr'>maritimum,</span> 
     </span>
     <span class='ocr_line' id='line_1_23' title="bbox 185 3612 1777 3706; baseline -0.002 -22"><span class='ocrx_word' id='word_1_204' title='bbox 185 3615 280 3684; x_wconf 88' lang='lat' dir='ltr'>coeli</span> <span class='ocrx_word' id='word_1_205' title='bbox 312 3616 563 3706; x_wconf 86' lang='lat' dir='ltr'>permutatio,</span> <span class='ocrx_word' id='word_1_206' title='bbox 605 3639 681 3685; x_wconf 91' lang='lat' dir='ltr'>non</span> <span class='ocrx_word' id='word_1_207' title='bbox 711 3617 821 3686; x_wconf 84' lang='lat' dir='ltr'>tritae</span> <span class='ocrx_word' id='word_1_208' title='bbox 854 3616 962 3704; x_wconf 80' lang='lat' dir='ltr'>riae,</span> <span class='ocrx_word' id='word_1_209' title='bbox 1016 3614 1144 3686; x_wconf 89' lang='lat' dir='ltr'>inculti</span> <span class='ocrx_word' id='word_1_210' title='bbox 1181 3614 1351 3684; x_wconf 88' lang='lat' dir='ltr'>homines</span> <span class='ocrx_word' id='word_1_211' title='bbox 1378 3624 1415 3682; x_wconf 89' lang='lat' dir='ltr'>et</span> <span class='ocrx_word' id='word_1_212' title='bbox 1439 3613 1613 3684; x_wconf 86' lang='lat' dir='ltr'>animalia</span> <span class='ocrx_word' id='word_1_213' title='bbox 1635 3612 1716 3682; x_wconf 87' lang='lat' dir='ltr'>fera</span> <span class='ocrx_word' id='word_1_214' title='bbox 1741 3614 1777 3682; x_wconf 89' lang='lat' dir='ltr'>ei</span> 
     </span>
     <span class='ocr_line' id='line_1_24' title="bbox 184 3733 1779 3840; baseline -0.003 -22"><span class='ocrx_word' id='word_1_215' title='bbox 184 3733 432 3818; x_wconf 82' lang='lat' dir='ltr'>minabantur.</span> <span class='ocrx_word' id='word_1_216' title='bbox 484 3746 536 3815; x_wconf 90' lang='lat' dir='ltr'>Et</span> <span class='ocrx_word' id='word_1_217' title='bbox 567 3747 658 3818; x_wconf 89' lang='lat' dir='ltr'>haec</span> <span class='ocrx_word' id='word_1_218' title='bbox 684 3741 831 3840; x_wconf 85' lang='lat' dir='ltr'>quidem</span> <span class='ocrx_word' id='word_1_219' title='bbox 859 3739 981 3818; x_wconf 85' lang='lat' dir='ltr'>omnia</span> <span class='ocrx_word' id='word_1_220' title='bbox 1009 3746 1142 3834; x_wconf 87' lang='lat' dir='ltr'>subiit,</span> <span class='ocrx_word' id='word_1_221' title='bbox 1185 3746 1294 3816; x_wconf 84' lang='lat' dir='ltr'>nullis</span> <span class='ocrx_word' id='word_1_222' title='bbox 1320 3748 1460 3837; x_wconf 80' lang='lat' dir='ltr'>magnis</span> <span class='ocrx_word' id='word_1_223' title='bbox 1487 3746 1658 3838; x_wconf 88' lang='lat' dir='ltr'>praemiis</span> <span class='ocrx_word' id='word_1_224' title='bbox 1682 3767 1779 3836; x_wconf 83' lang='lat' dir='ltr'>pro·</span> 
     </span>
     <span class='ocr_line' id='line_1_25' title="bbox 147 3875 1778 3972; baseline -0.002 -24"><span class='ocrx_word' id='word_1_225' title='bbox 147 3942 150 3961; x_wconf 79' lang='grc'>,</span> <span class='ocrx_word' id='word_1_226' title='bbox 184 3879 333 3970; x_wconf 82' lang='lat' dir='ltr'>positis,</span> <span class='ocrx_word' id='word_1_227' title='bbox 370 3878 500 3946; x_wconf 91' lang='lat' dir='ltr'>saltem</span> <span class='ocrx_word' id='word_1_228' title='bbox 534 3879 612 3947; x_wconf 86' lang='lat' dir='ltr'>eine</span> <span class='ocrx_word' id='word_1_229' title='bbox 646 3885 734 3972; x_wconf 74' lang='lat' dir='ltr'>spo,</span> <span class='ocrx_word' id='word_1_230' title='bbox 774 3879 841 3948; x_wconf 87' lang='lat' dir='ltr'>hos</span> <span class='ocrx_word' id='word_1_231' title='bbox 875 3879 1021 3948; x_wconf 89' lang='lat' dir='ltr'>labores</span> <span class='ocrx_word' id='word_1_232' title='bbox 1044 3875 1251 3948; x_wconf 72' lang='lat' dir='ltr'>&#39;maioiibus</span> <span class='ocrx_word' id='word_1_233' title='bbox 1276 3877 1479 3948; x_wconf 87' lang='lat' dir='ltr'>commodis</span> <span class='ocrx_word' id='word_1_234' title='bbox 1505 3889 1778 3968; x_wconf 85' lang='lat' dir='ltr'>compensatum</span> 
     </span>
     <span class='ocr_line' id='line_1_26' title="bbox 185 4010 1775 4108; baseline 0.001 -33"><span class='ocrx_word' id='word_1_235' title='bbox 185 4010 252 4098; x_wconf 90' lang='lat' dir='ltr'>iri,</span> <span class='ocrx_word' id='word_1_236' title='bbox 280 4034 389 4104; x_wconf 87' lang='lat' dir='ltr'>quam</span> <span class='ocrx_word' id='word_1_237' title='bbox 414 4021 542 4104; x_wconf 86' lang='lat' dir='ltr'>parata</span> <span class='ocrx_word' id='word_1_238' title='bbox 566 4013 735 4083; x_wconf 88' lang='lat' dir='ltr'>doctrina</span> <span class='ocrx_word' id='word_1_239' title='bbox 760 4025 797 4082; x_wconf 91' lang='lat' dir='ltr'>et</span> <span class='ocrx_word' id='word_1_240' title='bbox 820 4013 1012 4084; x_wconf 85' lang='lat' dir='ltr'>celebritas</span> <span class='ocrx_word' id='word_1_241' title='bbox 1035 4011 1221 4099; x_wconf 85' lang='lat' dir='ltr'>nominis,</span> <span class='ocrx_word' id='word_1_242' title='bbox 1260 4011 1347 4090; x_wconf 90' lang='lat' dir='ltr'>dum</span> <span class='ocrx_word' id='word_1_243' title='bbox 1372 4011 1411 4078; x_wconf 92' lang='lat' dir='ltr'>in</span> <span class='ocrx_word' id='word_1_244' title='bbox 1436 4010 1588 4101; x_wconf 86' lang='lat' dir='ltr'>Europa</span> <span class='ocrx_word' id='word_1_245' title='bbox 1617 4010 1775 4108; x_wconf 80' lang='lat' dir='ltr'>vivebat,</span> 
     </span>
     <span class='ocr_line' id='line_1_27' title="bbox 186 4141 1779 4238; baseline 0.002 -33"><span class='ocrx_word' id='word_1_246' title='bbox 186 4141 253 4230; x_wconf 87' lang='lat' dir='ltr'>ipsi</span> <span class='ocrx_word' id='word_1_247' title='bbox 288 4143 360 4212; x_wconf 87' lang='lat' dir='ltr'>iam</span> <span class='ocrx_word' id='word_1_248' title='bbox 392 4155 620 4234; x_wconf 87' lang='lat' dir='ltr'>paraverant.</span> <span class='ocrx_word' id='word_1_249' title='bbox 673 4145 786 4214; x_wconf 89' lang='lat' dir='ltr'>Certo</span> <span class='ocrx_word' id='word_1_250' title='bbox 820 4169 887 4214; x_wconf 90' lang='lat' dir='ltr'>nec</span> <span class='ocrx_word' id='word_1_251' title='bbox 919 4168 1001 4238; x_wconf 85' lang='lat' dir='ltr'>spes</span> <span class='ocrx_word' id='word_1_252' title='bbox 1038 4144 1273 4233; x_wconf 86' lang='lat' dir='ltr'>divitiarum,</span> <span class='ocrx_word' id='word_1_253' title='bbox 1310 4155 1462 4237; x_wconf 89' lang='lat' dir='ltr'>propter</span> <span class='ocrx_word' id='word_1_254' title='bbox 1495 4167 1583 4235; x_wconf 89' lang='lat' dir='ltr'>quas</span> <span class='ocrx_word' id='word_1_255' title='bbox 1608 4142 1779 4235; x_wconf 86' lang='lat' dir='ltr'>plerique</span> 
     </span>
     <span class='ocr_line' id='line_1_28' title="bbox 186 4256 1865 4370; baseline 0.001 -31"><span class='ocrx_word' id='word_1_256' title='bbox 186 4270 350 4360; x_wconf 87' lang='lat' dir='ltr'>pericula</span> <span class='ocrx_word' id='word_1_257' title='bbox 383 4276 507 4346; x_wconf 84' lang='lat' dir='ltr'>subire</span> <span class='ocrx_word' id='word_1_258' title='bbox 543 4279 688 4367; x_wconf 89' lang='lat' dir='ltr'>solent,</span> <span class='ocrx_word' id='word_1_259' title='bbox 735 4301 803 4348; x_wconf 90' lang='lat' dir='ltr'>nec</span> <span class='ocrx_word' id='word_1_260' title='bbox 838 4275 1042 4348; x_wconf 83' lang='lat' dir='ltr'>honorifica</span> <span class='ocrx_word' id='word_1_261' title='bbox 1076 4289 1113 4346; x_wconf 93' lang='lat' dir='ltr'>et</span> <span class='ocrx_word' id='word_1_262' title='bbox 1146 4298 1279 4370; x_wconf 74' lang='lat' dir='ltr'>revera</span> <span class='ocrx_word' id='word_1_263' title='bbox 1316 4276 1418 4367; x_wconf 78' lang='lat' dir='ltr'>regia</span> <span class='ocrx_word' id='word_1_264' title='bbox 1442 4273 1666 4363; x_wconf 88' lang='lat' dir='ltr'>liberalitas,</span> <span class='ocrx_word' id='word_1_265' title='bbox 1706 4256 1791 4366; x_wconf 53' lang='lat' dir='ltr'>qua&#39;</span> <span class='ocrx_word' id='word_1_266' title='bbox 1844 4257 1865 4316; x_wconf 85' lang='lat'>&#39;.</span> 
     </span>
     <span class='ocr_line' id='line_1_29' title="bbox 189 4381 1777 4506; baseline 0.003 -38"><span class='ocrx_word' id='word_1_267' title='bbox 189 4403 234 4470; x_wconf 89' lang='lat' dir='ltr'>ad</span> <span class='ocrx_word' id='word_1_268' title='bbox 253 4403 332 4490; x_wconf 83' lang='lat' dir='ltr'>¹iter</span> <span class='ocrx_word' id='word_1_269' title='bbox 356 4419 523 4478; x_wconf 78' lang='lat' dir='ltr'>armatus&#39;</span> <span class='ocrx_word' id='word_1_270' title='bbox 541 4420 618 4499; x_wconf 85' lang='lat' dir='ltr'>est,</span> <span class='ocrx_word' id='word_1_271' title='bbox 654 4412 718 4480; x_wconf 83' lang='lat' dir='ltr'>aed</span> <span class='ocrx_word' id='word_1_272' title='bbox 743 4421 896 4481; x_wconf 87' lang='lat' dir='ltr'>naturae</span> <span class='ocrx_word' id='word_1_273' title='bbox 921 4381 1098 4506; x_wconf 83' lang='lat' dir='ltr'>historiae</span> <span class='ocrx_word' id='word_1_274' title='bbox 1122 4431 1227 4479; x_wconf 89' lang='lat' dir='ltr'>amor</span> <span class='ocrx_word' id='word_1_275' title='bbox 1252 4409 1352 4478; x_wconf 89' lang='lat' dir='ltr'>solus</span> <span class='ocrx_word' id='word_1_276' title='bbox 1376 4406 1466 4496; x_wconf 86' lang='lat' dir='ltr'>suit,</span> <span class='ocrx_word' id='word_1_277' title='bbox 1502 4407 1563 4500; x_wconf 91' lang='lat' dir='ltr'>qui</span> <span class='ocrx_word' id='word_1_278' title='bbox 1589 4429 1673 4474; x_wconf 88' lang='lat' dir='ltr'>eum</span> <span class='ocrx_word' id='word_1_279' title='bbox 1701 4406 1777 4474; x_wconf 87' lang='lat' dir='ltr'>im-</span> 
     </span>
     <span class='ocr_line' id='line_1_30' title="bbox 134 4512 1798 4643; baseline 0 -38"><span class='ocrx_word' id='word_1_280' title='bbox 134 4585 140 4603; x_wconf 54' lang='lat'>,</span> <span class='ocrx_word' id='word_1_281' title='bbox 188 4531 307 4626; x_wconf 73' lang='lat' dir='ltr'>pulit,</span> <span class='ocrx_word' id='word_1_282' title='bbox 342 4557 444 4606; x_wconf 91' lang='lat' dir='ltr'>amor</span> <span class='ocrx_word' id='word_1_283' title='bbox 478 4564 566 4614; x_wconf 82' lang='lat' dir='ltr'>vere</span> <span class='ocrx_word' id='word_1_284' title='bbox 600 4543 791 4634; x_wconf 85' lang='lat' dir='ltr'>sublimis,</span> <span class='ocrx_word' id='word_1_285' title='bbox 830 4569 903 4638; x_wconf 91' lang='lat' dir='ltr'>quo</span> <span class='ocrx_word' id='word_1_286' title='bbox 929 4554 1154 4642; x_wconf 87' lang='lat' dir='ltr'>commotus,</span> <span class='ocrx_word' id='word_1_287' title='bbox 1196 4512 1339 4612; x_wconf 83' lang='lat' dir='ltr'>nullum</span> <span class='ocrx_word' id='word_1_288' title='bbox 1372 4563 1534 4633; x_wconf 88' lang='lat' dir='ltr'>unquam</span> <span class='ocrx_word' id='word_1_289' title='bbox 1561 4539 1798 4643; x_wconf 59' lang='lat' dir='ltr'>detrectavit</span> 
     </span>
     <span class='ocr_line' id='line_1_31' title="bbox 188 4650 1784 4770; baseline 0.002 -38"><span class='ocrx_word' id='word_1_290' title='bbox 188 4664 368 4753; x_wconf 86' lang='lat' dir='ltr'>laborem,</span> <span class='ocrx_word' id='word_1_291' title='bbox 395 4691 466 4760; x_wconf 89' lang='lat' dir='ltr'>quo</span> <span class='ocrx_word' id='word_1_292' title='bbox 482 4669 659 4766; x_wconf 85' lang='lat' dir='ltr'>efficeret,</span> <span class='ocrx_word' id='word_1_293' title='bbox 687 4686 737 4744; x_wconf 88' lang='lat' dir='ltr'>nt·</span> <span class='ocrx_word' id='word_1_294' title='bbox 754 4661 904 4770; x_wconf 32' lang='lat' dir='ltr'>copiam*</span> <span class='ocrx_word' id='word_1_295' title='bbox 922 4698 1103 4746; x_wconf 85' lang='lat' dir='ltr'>novarum</span> <span class='ocrx_word' id='word_1_296' title='bbox 1128 4696 1257 4744; x_wconf 89' lang='lat' dir='ltr'>rerum</span> <span class='ocrx_word' id='word_1_297' title='bbox 1281 4650 1503 4744; x_wconf 76' lang='lat' dir='ltr'>naturalium</span> <span class='ocrx_word' id='word_1_298' title='bbox 1528 4671 1600 4741; x_wconf 86' lang='lat' dir='ltr'>sibi</span> <span class='ocrx_word' id='word_1_299' title='bbox 1623 4677 1784 4763; x_wconf 80' lang='lat' dir='ltr'>pararet.</span> 
     </span>
    </p>

    <p class='ocr_par' dir='ltr' id='par_1_9' title="bbox 188 4774 1926 5176">
     <span class='ocr_line' id='line_1_32' title="bbox 288 4774 1772 4916; baseline 0.004 -52"><span class='ocrx_word' id='word_1_300' title='bbox 288 4795 382 4868; x_wconf 87' lang='lat' dir='ltr'>Cum</span> <span class='ocrx_word' id='word_1_301' title='bbox 419 4774 606 4892; x_wconf 81' lang='lat' dir='ltr'>postremo</span> <span class='ocrx_word' id='word_1_302' title='bbox 631 4807 825 4916; x_wconf 72' lang='lat' dir='ltr'>llanouiae</span> <span class='ocrx_word' id='word_1_303' title='bbox 852 4805 943 4896; x_wconf 85' lang='lat' dir='ltr'>tuit,</span> <span class='ocrx_word' id='word_1_304' title='bbox 980 4801 1212 4878; x_wconf 86' lang='lat' dir='ltr'>difficultates</span> <span class='ocrx_word' id='word_1_305' title='bbox 1237 4808 1308 4876; x_wconf 87' lang='lat' dir='ltr'>sibi</span> <span class='ocrx_word' id='word_1_306' title='bbox 1334 4809 1519 4878; x_wconf 89' lang='lat' dir='ltr'>obiectum</span> <span class='ocrx_word' id='word_1_307' title='bbox 1543 4805 1591 4874; x_wconf 90' lang='lat' dir='ltr'>iri</span> <span class='ocrx_word' id='word_1_308' title='bbox 1626 4812 1772 4896; x_wconf 87' lang='lat' dir='ltr'>putans,</span> 
     </span>
     <span class='ocr_line' id='line_1_33' title="bbox 189 4928 1780 5034; baseline 0.004 -36"><span class='ocrx_word' id='word_1_309' title='bbox 189 4928 261 4998; x_wconf 83' lang='lat' dir='ltr'>sic</span> <span class='ocrx_word' id='word_1_310' title='bbox 293 4929 338 4998; x_wconf 90' lang='lat' dir='ltr'>ad</span> <span class='ocrx_word' id='word_1_311' title='bbox 370 4929 711 5010; x_wconf 86' lang='lat' dir='ltr'>Swiuderenum</span> <span class='ocrx_word' id='word_1_312' title='bbox 742 4941 905 5033; x_wconf 78' lang='lat' dir='ltr'>scripsitr</span> <span class='ocrx_word' id='word_1_313' title='bbox 967 4939 1093 5014; x_wconf 81' lang='lat' dir='ltr'>»Mihi</span> <span class='ocrx_word' id='word_1_314' title='bbox 1131 4952 1300 5031; x_wconf 90' lang='lat' dir='ltr'>constat,</span> <span class='ocrx_word' id='word_1_315' title='bbox 1340 4943 1379 5011; x_wconf 91' lang='lat' dir='ltr'>iu</span> <span class='ocrx_word' id='word_1_316' title='bbox 1418 4936 1570 5008; x_wconf 87' lang='lat' dir='ltr'>orientis</span> <span class='ocrx_word' id='word_1_317' title='bbox 1611 4935 1780 5034; x_wconf 78' lang='lat' dir='ltr'>regiones</span> 
     </span>
     <span class='ocr_line' id='line_1_34' title="bbox 188 5057 1926 5176; baseline 0.005 -48"><span class='ocrx_word' id='word_1_318' title='bbox 188 5057 391 5151; x_wconf 86' lang='lat' dir='ltr'>proficisci,</span> <span class='ocrx_word' id='word_1_319' title='bbox 420 5074 538 5160; x_wconf 83' lang='lat' dir='ltr'>eoque</span> <span class='ocrx_word' id='word_1_320' title='bbox 562 5063 791 5164; x_wconf 85' lang='lat' dir='ltr'>proficiscar,</span> <span class='ocrx_word' id='word_1_321' title='bbox 818 5072 849 5142; x_wconf 89' lang='lat' dir='ltr'>si</span> <span class='ocrx_word' id='word_1_322' title='bbox 876 5072 985 5144; x_wconf 85' lang='lat' dir='ltr'>aliter</span> <span class='ocrx_word' id='word_1_323' title='bbox 1010 5070 1092 5144; x_wconf 83' lang='lat' dir='ltr'>ficri</span> <span class='ocrx_word' id='word_1_324' title='bbox 1116 5095 1191 5146; x_wconf 85' lang='lat' dir='ltr'>non</span> <span class='ocrx_word' id='word_1_325' title='bbox 1215 5073 1399 5176; x_wconf 69' lang='lat' dir='ltr'>potuerit,</span> <span class='ocrx_word' id='word_1_326' title='bbox 1433 5069 1592 5140; x_wconf 84' lang='lat' dir='ltr'>tonsoris</span> <span class='ocrx_word' id='word_1_327' title='bbox 1617 5065 1742 5144; x_wconf 74' lang='lat' dir='ltr'>loca«</span> <span class='ocrx_word' id='word_1_328' title='bbox 1830 5169 1834 5176; x_wconf 22' lang='lat'>¹</span> <span class='ocrx_word' id='word_1_329' title='bbox 1913 5063 1926 5077; x_wconf 75' lang='grc'><strong>“</strong></span> 
     </span>
    </p>
   </div>
   <div class='ocr_carea' id='block_1_6' title="bbox 0 0 2365 6132">
    <p class='ocr_par' dir='ltr' id='par_1_10' title="bbox 0 0 2365 6132">
     <span class='ocr_line' id='line_1_35' title="bbox 0 0 2365 6132; baseline 0 0"><span class='ocrx_word' id='word_1_330' title='bbox 0 0 2365 6132; x_wconf 95' lang='lat' dir='ltr'> </span> 
     </span>
    </p>
   </div>
  </div>
 </body>
</html>
