4692 6142
686 646 858 745 Pupillus
886 648 1112 745 plantarum
1142 643 1428 719 lucanicarum.
1779 638 1850 715 185

256 840 533 930 crebioribus
553 863 598 932 et
617 845 858 931 maioribus
879 844 1137 960 exasperati,
1169 839 1578 959 fusco-purpurei,
1606 836 1845 923 insertione

254 984 405 1071 baseos
442 1007 661 1107 attenuata
685 986 964 1102 pallescente.
1005 986 1197 1103 Capsula
1226 1010 1400 1090 erecta,
1438 980 1712 1099 cylindrica,
1739 964 1857 1079 ’latui¹

188 1132 200 1157 ‘
255 1127 303 1213 iu
323 1128 626 1244 pedunculum
651 1153 893 1235 contracta,
925 1160 1082 1245 parum
1107 1152 1376 1245 exasperata,
1413 1127 1579 1231 striata,
1606 1124 1846 1229 lutescens,

253 1270 347 1368 basi
378 1294 524 1359 autem
554 1295 599 1359 et
625 1272 874 1388 peristomii
904 1303 981 1365 ota
1011 1266 1173 1358 callosa
1202 1272 1350 1361 fuscis.
1378 1325 1380 1328 -
1408 1270 1572 1357 Dentes
1597 1266 1847 1383 peristomii

252 1412 475 1520 sedecim,
538 1410 794 1521 filiformes,
847 1414 1134 1521 trabeculati,
1181 1410 1404 1530 profunde
1448 1440 1597 1534 neque
1641 1439 1747 1499 vero
1789 1408 1849 1499 ad

251 1553 376 1641 basin
417 1584 556 1673 usque
597 1551 713 1661 fissi,
747 1554 961 1641 cruribus.
994 1555 1200 1647 tenuibus
1239 1559 1285 1641 iu
1336 1556 1499 1672 spiram
1551 1553 1847 1642 communiter

249 1695 545 1791 subconror-tis
579 1696 731 1787 luteoe
750 1698 1188 1817 purpurascentibus.
1252 1697 1530 1813 Operculum
1559 1720 1618 1785 et
1641 1697 1841 1814 calyptra

251 1838 423 1935 desunt·
542 1842 547 1849 ’
824 1868 834 1875 ’

334 1968 348 2071 Ῐ
367 1978 560 2073 Adnot.
619 1980 760 2103 Stirps
790 1985 907 2075 inter
936 1984 1110 2074 Muscos
1140 1982 1374 2103 singularis
1405 2005 1449 2073 et
1478 1980 1594 2073 forte
1622 1979 1691 2069 sui
1717 2010 1847 2096 geue·

250 2124 310 2213 ris
339 2144 483 2241 typus.
543 2123 735 2227 Cuinam
765 2158 1094 2247 compararem,
1126 2161 1217 2217 non
1249 2128 1406 2217 habeo.

363 2269 466 2357 Var.
497 2268 533 2369 β·
565 2274 959 2393 interruptum.
989 2322 1051 2340 -
1080 2258 1191 2361 Tab.
1221 2275 1322 2363 XV.
1350 2271 1422 2389 fig.
1454 2305 1495 2359 2.
1524 2273 1559 2374 β·

364 2414 505 2507 Caule
536 2414 688 2505 differt
707 2418 865 2505 altiore
892 2419 1022 2533 longe
1048 2419 1303 2527 innovante,
1331 2412 1688 2505 innovationibus
1714 2412 1846 2502 deor·

245 2586 343 2645 sum
372 2559 586 2647 subnudis
620 2560 829 2681 foliisque
872 2561 1020 2676 parvis
1050 2561 1268 2678 adpressis
1301 2556 1730 2679 squamaesormibus
1766 2556 1849 2644 ob-

245 2701 387 2817 longis
419 2702 585 2791 obtusis
615 2705 809 2806 vestitis,
853 2703 1052 2819 apicibus
1081 2726 1231 2793 autem
1260 2704 1388 2791 utin
1427 2701 1614 2823 reliquis
1648 2700 1843 2789 comatis.

243 2843 459 2960 Capsnlae
492 2845 540 2929 in
569 2844 653 2931 hac
697 2845 906 2933 varietate
946 2843 1254 2954 obscuriores,
1291 2868 1407 2935 totae
1437 2844 1612 2954 fuscae;
1661 2864 1836 2930 caetera

243 3008 392 3079 tamea
423 2987 694 3076 conveniunt
717 2986 805 3092 ita,
835 3008 888 3075 ut
909 2987 1105 3102 separari
1132 3020 1225 3077 uon
1252 2990 1402 3103 possit.

362 3130 669 3219 Promiscuum
699 3140 856 3220 crescit
885 3161 989 3218 cum
1018 3132 1162 3251 forma
1193 3128 1434 3219 communi.

357 3554 567 3677 Neglecto
598 3556 786 3668 ordine,
834 3564 881 3649 in
936 3564 1269 3651 continuatione
1321 3558 1452 3653 huius
1491 3561 1837 3651 enumerationis

150 3730 157 3739 ·
241 3729 391 3791 rursus
421 3703 757 3823 persequendo,
792 3702 901 3791 duas
931 3734 955 3792 c
985 3733 1107 3795 vasto
1146 3704 1723 3821 langermanniarum
1763 3737 1838 3820 ge·

241 3877 347 3935 nere
368 3848 642 3935 annectimus
665 3852 848 3966 species,
872 3852 1112 3937 memoriae
1135 3848 1428 3962 dignissimas,
1457 3876 1566 3967 quas
1592 3848 1708 3939 inter
1733 3848 1836 3965 plus

107 4016 112 4023 ·
241 4016 377 4101 qnam
408 3989 807 4108 quadraginta,
837 4022 862 4078 a
888 3990 1370 4079 clarissimoBlnmio
1400 3991 1567 4098 missas,
1600 3990 1831 4105 elegimus,

240 4160 381 4217 novae
413 4132 480 4219 illi
495 4132 948 4255 jlungermanuiarum
970 4134 1167 4241 cohorti,
1206 4131 1558 4240 aHookerio,
1589 4134 1687 4220 viro
1719 4132 1834 4222 cele-

241 4271 463 4381 berrimo,
513 4305 593 4392 per
644 4276 1136 4391 langermanuiam
1182 4274 1488 4362 Thouarsii
1518 4296 1563 4362 et
1591 4273 1827 4390 iunger-

241 4418 516 4504 manniam
548 4417 1043 4535 appendiculatam
1075 4418 1123 4503 in
1167 4413 1523 4535 splendidissimo
1561 4444 1694 4530 opere
1742 4402 1830 4501 iam
1945 4499 1950 4509 ,

239 4556 416 4668 pridem
448 4555 794 4663 demonstratae,
825 4560 1136 4650 attribuendas.

480 4757 930 4857 Iuncannauuttn
972 4799 1390 4861 srnaoraracan
1430 4798 1636 4869 noers.¹

242 5078 271 5167 fl
360 4974 456 5167 22.A
489 4940 1198 5063 langermanniaaligera
1252 4932 1864 5063 uetat-Taum)

275 5113 312 5195 g.
347 5114 387 5169 2.
468 5083 642 5187 ,a-d.
