4692 6142
1746 675 1788 726 m

290 887 342 958 In
378 907 536 960 museo
581 881 847 954 Banksisno
895 879 1221 967 consuetudinem,
1256 847 1370 974 ’quoe
1411 882 1543 950 summi
1585 878 1666 952 erat
1710 906 1788 952 mo·
1862 968 1865 977 Ι

191 1022 307 1093 menti
330 1021 377 1089 sd
408 1017 520 1090 linem
556 1015 701 1086 itineris
735 1015 834 1106 eius,
862 1015 982 1084 iunxit
1018 1013 1314 1103 riri'cuiusdam,
1347 1016 1432 1108 qui,
1458 1037 1620 1084 summus
1639 1019 1788 1112 exorci-

191 1164 251 1223 tus
293 1151 497 1244 Anglorum
544 1147 755 1243 praefectus
800 1149 839 1218 in
859 1223 864 1232 ,
883 1147 1056 1219 Amerina
1113 1148 1260 1240 pridem
1295 1145 1478 1253 militans,
1529 1149 1689 1242 egregias
1729 1173 1787 1218 res

101 1381 103 1384 Ι
194 1287 395 1380 zoologieas
440 1283 494 1358 ibi
539 1283 747 1377 collegerat.
817 1283 924 1378 Isque
970 1305 1018 1353 ex
1058 1282 1177 1354 divite
1219 1305 1308 1351 usus
1357 1293 1396 1352 et
1437 1281 1655 1375 prudentiae
1699 1305 1787 1350 suaa

158 1419 363 1500 ,thesauro
391 1416 533 1488 Kuhlio
557 1426 686 1487 nostro
711 1416 847 1510 optima
873 1413 1025 1486 consilia
1050 1413 1095 1482 de
1121 1415 1321 1504 itinerum,
1354 1437 1423 1508 per
1444 1425 1566 1521 terras
1593 1415 1787 1485 calidiores

192 1551 524 1639 instituendorum,
562 1549 734 1643 prudenti
767 1550 910 1628 ratione
937 1545 1239 1634 communicavit,
1269 1559 1306 1617 et
1330 1548 1369 1617 in
1395 1549 1664 1642 comparando,
1694 1572 1785 1642 quse

194 1683 243 1752 ad
263 1683 375 1754 talem
395 1683 492 1754 viam
507 1703 654 1753 necesse
676 1691 779 1771 sunt,
806 1681 964 1752 multum
989 1703 1074 1752 eum
1100 1679 1249 1751 adiuvit

160 1913 164 1918 Ι
291 1816 511 1910 Priusquam
545 1787 713 1908 Angliam
751 1815 927 1910 reliquit,
973 1811 1135 1886 Kuhlius
1173 1837 1257 1884 cum
1293 1813 1535 1906 Laugiero
1562 1825 1599 1884 et
1623 1816 1787 1886 studioso
1817 1811 1822 1836 ¹
1870 1861 1885 1888 t

193 1933 656 2042 quodamVrstislaviensi
682 1947 755 2018 iter
779 1948 869 2019 feeit
893 1967 960 2042 per
980 1945 1179 2016 australem
1204 1945 1354 2038 hugliae
1374 1957 1528 2039 partem.
1583 1946 1789 2033 Oxouiam,

191 2063 477 2171 Windsorium,
505 2080 725 2152 Batlroniam
740 2079 1011 2172 ,ixBristolium‚
1039 2079 1269 2172 Savemiam,
1297 2078 1612 2176 Southhampton,
1640 2075 1788 2159 Vectim

193 2213 371 2304 insulam,
411 2212 568 2286 Portum
593 2237 765 2307 magnum
792 2215 972 2288 obienmt
1195 2291 1198 2294 ,
1398 2197 1403 2205 ’

292 2345 512 2442 Ubicunque
538 2343 699 2420 Kuhlius
725 2371 827 2420 mare
854 2349 997 2441 attigit,
1024 2369 1083 2418 res
1109 2341 1295 2418 naturales
1321 2345 1470 2440 collegit
1490 2357 1533 2417 et
1561 2347 1675 2416 multa
1700 2345 1788 2440 pul-
1887 2407 1892 2418 ,

189 2477 279 2550 chre
295 2479 498 2575 conchylio,
526 2491 563 2551 et
576 2481 768 2554 terrestria
785 2493 824 2554 et
838 2481 1053 2574 fluuiatilia,
1080 2481 1119 2551 in
1134 2482 1353 2552 memoriam
1370 2481 1479 2550 huius
1498 2467 1641 2552 itineris
1660 2504 1790 2548 museo

191 2610 445 2708 Groningensi
466 2615 621 2708 largitus
646 2629 712 2688 est.
772 2703 783 2718 ‚
887 2695 890 2704 ‚
1037 2713 1040 2718 Ι

288 2747 402 2820 Brevi
438 2758 632 2839 temporo,
672 2750 771 2843 quod
807 2747 925 2820 adhue
965 2745 1007 2818 in
1044 2743 1250 2844 Hollandia
1276 2743 1451 2837 degebat,
1489 2742 1635 2813 honora
1660 2742 1789 2814 cultus·

190 2889 259 2966 est,
295 2903 369 2972 quo
404 2867 588 2950 studiosus
613 2901 698 2948 raro
724 2879 879 2970 colitur,
907 2878 1000 2992 (qed
1021 2877 1138 2974 qualis
1163 2876 1347 2948 studiosus
1371 2888 1453 2947 tum
1476 2876 1550 2946 iam
1575 2873 1646 2947 fuit
1670 2877 1787 2948 Kuh-

190 3011 261 3080 lius
275 3009 312 3106 l]
353 3009 448 3080 Nam
469 3009 613 3082 Ordine
637 3011 947 3106 Philosophorum
966 3009 1216 3104 Groningenai
1237 3022 1470 3105 proponente
1495 3020 1698 3106 senatuque
1720 3025 1788 3108 'ap-

192 3142 394 3236 probante‚
426 3141 465 3212 in
488 3144 643 3236 gradum
670 3141 838 3236 Magistri
865 3144 1124 3239 Philosophiae
1148 3156 1187 3216 et
1211 3144 1586 3216 Doctoris‘bistoriae
1610 3147 1791 3216 naturalis

189 3273 246 3344 VI
278 3273 432 3368 Augusti
464 3275 525 3346 die
549 3273 702 3347 honoris
727 3299 834 3348 cansa
857 3289 1048 3380 promotus
1073 3288 1148 3370 est3
1186 3278 1226 3347 in
1251 3277 1353 3347 cuius
1380 3278 1435 3346 rei
1460 3277 1615 3370 gratias,
1645 3277 1786 3349 Acade·

187 3408 284 3522 miae
308 3429 377 3501 pro
404 3409 545 3484 uiribus
573 3409 821 3506 rependendas
835 3461 846 3502 ,
882 3411 1038 3481 Kublius
1066 3421 1227 3506 quatuor
1252 3433 1348 3486 nova
1373 3409 1497 3483 arium
1522 3433 1679 3503 genera,
1707 3412 1787 3484 Pe·
1908 3470 1913 3484 .

188 3563 380 3633 reparant,
409 3539 682 3637 Melliphagam,
702 3527 906 3616 ¹Menurum
930 3555 967 3617 et
987 3543 1259 3641 Apteuodyten,
1288 3545 1493 3615 rarissimas
1511 3567 1595 3616 saue
1617 3557 1655 3615 et
1672 3548 1788 3635 mirae.

189 3697 298 3757 aves‚
339 3699 467 3747 museo
493 3677 703 3749 academico
729 3677 891 3748 tradidit.

288 3807 399 3894 initio
425 3809 651 3904 Septembris
677 3789 760 3882 bum
785 3813 902 3882 amico
927 3835 999 3882 suo
1025 3812 1256 3901 Cremeram,
1285 3835 1409 3906 quem,
1438 3811 1555 3914 eheu!
1596 3835 1693 3880 nuno
1713 3814 1787 3880 ism

187 3949 375 4012 mortuum
401 3957 548 4036 quoque
572 3943 765 4032 deflemus,
792 3955 938 4016 etcum
965 3967 1055 4017 ran
1082 3943 1293 4014 Hassslt
1317 3915 1529 4037 bincaopra
1554 3943 1783 4032 Bruxellam,
1822 3927 1828 3934 ’

189 4069 429 4166 Nemorum,
444 4073 624 4147 Leodiam
642 4072 722 4172 (ubi
738 4076 913 4148 Gaediu
924 4103 973 4174 m,
989 4077 1263 4168 Ptolemaeum,
1281 4077 1490 4172 eonvenit,)
1514 4078 1791 4172 Aquiegranum
1882 4073 1885 4082 ’

190 4214 227 4272 et
241 4203 477 4300 Neoridium,
496 4205 577 4306 (ubi
596 4209 976 4283 Maximilianur'n
1002 4211 1277 4305 Principem
1300 4212 1348 4281 de
1367 4211 1502 4280 itinere
1525 4210 1682 4279 instante
1700 4233 1787 4282 con·
1817 4214 1819 4218 ’

190 4335 336 4436 suluit,)
351 4323 571 4428 [Honoriam
592 4344 780 4439 proiectus
798 4355 867 4436 est,
895 4345 1021 4442 ibique
1041 4348 1141 4440 apud
1158 4330 1300 4440 patrem
1323 4341 1506 4440 usquead
1529 4343 1786 4438 Septembrem

188 4471 375 4544 ineuntem
399 4489 647 4582 commoratus
671 4491 750 4571 est,
778 4497 851 4573 quo
878 4480 1055 4574 temporis
1081 4478 1277 4553 intervallo
1303 4470 1611 4550 Cremeraius
1637 4489 1674 4547 et
1694 4501 1785 4549 ran
1847 4545 1857 4558 ,

106 4651 110 4658 -
189 4603 386 4677 Hasselt
411 4605 622 4686 Helvetium
648 4625 904 4707 peragrarunt.
1572 4587 1577 4605 ’
1786 4588 1789 4592 ’

286 4737 397 4812 Initio
430 4738 676 4835 Novembris,
712 4743 888 4816 Hanoua
923 4747 1070 4837 relicta,·
1104 4745 1343 4840 hrgentinam
1376 4769 1414 4815 se
1450 4743 1627 4830 contulit,
1663 4753 1707 4810 ut
1731 4733 1814 4811 rbi'

81 4903 90 4920 ·
185 4893 233 4941 ex
273 4872 456 4966 promisso
492 4873 619 4946 amieis
639 4880 714 4949 suis
740 4901 936 4955 occurrens
951 4901 1081 4970 ,cum
1107 4881 1150 4949 iis
1176 4860 1340 4950 Parisios
1366 4879 1438 4950 iter
1465 4877 1708 4946 continuaret.

285 5003 411 5097 Pinio,
464 5029 575 5103 quem
612 5007 697 5106 'hoc
748 5014 785 5083 in
830 5015 964 5084 itinere
1005 5025 1179 5108 sequutus
1219 5024 1297 5104 eat,
1342 5011 1434 5101 tait,
1470 5023 1512 5078 ut
1533 5009 1635 5102 ,ibi‚
1685 5010 1784 5077 Cu·
1897 5023 1901 5026 ·

186 5137 342 5210 rierio
365 5152 402 5214 et
427 5139 709 5222 Lomorolrio
726 5145 891 5237 ducibus,
916 5145 1100 5236 animalia,
1128 5145 1309 5217 vertebris
1330 5145 1505 5234 carentia,
1525 5143 1647 5212 denuo
1665 5143 1784 5213 const·
1808 5199 1814 5209 ,
