4692 6142
719 622 768 696 12
1037 619 1330 707 Mamurrarum,
1355 612 1492 685 Pruna
1517 634 1572 685 zu
1593 609 1968 687 Wrrn-Nauwmn
1979 670 1990 707 ,

680 908 682 915 ,
720 846 899 933 spensa,
943 810 1115 901 inferne
1132 876 1148 917 ,
1184 835 1365 929 excepto
1402 841 1539 900 nervo
1579 810 1761 919 medio,
1810 811 2074 927 subglabra,
2115 828 2266 932 paullum

720 984 897 1045 arcuato
929 958 1129 1045 -striata
1167 980 1212 1045 et
1253 955 1438 1074 pulchre
1478 955 1761 1041 transversim
1804 954 2072 1061 cancellata,
2120 970 2264 1079 margine
2314 981 2316 1006 ¹

721 1102 880 1189 ciliata.

820 1242 949 1358 Scapi
979 1240 1176 1355 florigeri
1208 1274 1235 1360 a
1262 1240 1357 1326 basi
1386 1243 1522 1327 caulis
1553 1244 1777 1359 prodeunt
1807 1279 1830 1334 e
1862 1244 1981 1331 nodo
2014 1277 2147 1333 crasso
2174 1279 2263 1371 atque
2314 1255 2316 1260 ’

721 1387 934 1503 geniculis
977 1384 1033 1471 ad
1071 1410 1236 1472 terram
1283 1386 1549 1492 flectuntur,
1596 1411 1698 1474 sunt
1735 1386 1983 1502 logitudine
2023 1390 2144 1475 2·5
2179 1400 2266 1507 polli-

721 1564 844 1637 cum,
875 1530 1095 1647 simplicos
1129 1554 1203 1614 aut
1233 1532 1422 1637 ramosi,
1459 1532 1725 1651 plerumque
1754 1532 2026 1620 biarticulati
2042 1596 2058 1640 ,
2102 1559 2264 1627 structura

720 1678 880 1782 caulis,
913 1676 1171 1791 vaginisque
1204 1675 1407 1759 instructi
1443 1676 1696 1788 similibus,
1744 1678 1912 1795 aphylli
1952 1703 2122 1787 tamen3
2158 1683 2264 1767 ebusi

717 1824 897 1935 vaginae
926 1812 1150 1905 inferioris
1182 1814 1320 1904 librae
1352 1819 1558 1905 oriuntur
1590 1816 1803 1906 radicalcs
1830 1821 2005 1934 longae.

819 1965 997 2070 Flores,
1047 1964 1093 2047 in
1124 1967 1263 2079 scapis
1294 1962 1544 2082 horumque
1584 1965 1716 2049 ramis
1756 1965 2038 2071 terminales,
2075 1966 2265 2078 paniculan

721 2110 922 2197 referunt
950 2106 1223 2215 conlectam,
1255 2108 1384 2194 huius
1416 2110 1528 2194 rami
1558 2107 1741 2205 breves,
1780 2108 1838 2192 tri
1856 2159 1876 2173 ·
1895 2105 2182 2226 quadriflori,
2213 2111 2266 2192 sin·

721 2256 822 2369 guli·
843 2253 992 2369 spatha
1022 2252 1108 2337 lata
1141 2274 1267 2337 ovata
1304 2252 1433 2367 longe
1474 2257 1743 2356 acuminata,
1784 2254 1979 2364 margine
2031 2252 2142 2338 villis
2176 2253 2266 2365 longis

682 2418 685 2425 '
720 2397 895 2502 ciliata,
932 2395 1091 2481 ramuli
1124 2394 1429 2506 longitudine,
1466 2398 1645 2481 suffulti.
1707 2394 1923 2481 Pcdicclli
1948 2398 2121 2515 proprii
2144 2397 2259 2498 breves,

716 2540 928 2656 spathella
956 2539 1200 2625 lanceolata
1229 2538 1359 2651 longe
1387 2525 1636 2623 acuminata
1661 2538 1830 2625 villosa.

817 2682 970 2766 Floras
1011 2677 1315 2793 magnitudine
1359 2701 1490 2795 atque
1528 2674 1669 2791 figura
1704 2680 1950 2768 eorundem
1989 2680 2258 2772 Tradescantiat

716 2825 983 2938 virginica03
1032 2822 1187 2909 foliola
1223 2821 1410 2906 calicina
1446 2825 1498 2929 3,
1545 2847 1723 2911 externe
1758 2826 1939 2935 villosa3
1993 2831 2132 2944 petala
2164 2828 2257 2937 calyce

719 2964 858 3081 duplo
890 2968 1118 3078 longior-a,
1159 2986 1342 3067 tenera,
1386 2963 1599 3088 obovata,
1640 2968 1735 3055 basi
1766 2971 2045 3083 angustiora,
2091 2970 2258 3067 coerulca,

718 3110 891 3197 macula
917 3109 1016 3194 alba
1041 3108 1097 3194 ad
1122 3108 1246 3193 basin
1274 3110 1433 3197 usitata.
1495 3112 1689 3197 Stamina
1716 3114 1862 3199 calicis
1890 3111 1986 3201 fere
2014 3114 2257 3229 longitudine,

720 3252 944 3341 filamenta
966 3252 1132 3367 glabra3
1162 3251 1366 3339 antherae
1388 3254 1673 3361 lanceolatae,
1700 3255 1794 3340 basi
1809 3256 2130 3371 subsagittatae,
2154 3256 2258 3352 flavae,

720 3400 843 3515 apice
874 3398 1129 3498 romuleae,
1176 3394 1308 3484 dorso
1341 3424 1553 3503 venosae,
1597 3398 1839 3483 introrsum
1878 3400 2005 3514 apice
2038 3399 2259 3486 dehiscentes.

717 3540 936 3626 Pistillum
961 3568 1176 3657 parvum,
1209 3568 1335 3654 saepe
1368 3538 1601 3653 abortiens.
1664 3541 1800 3657 Saepe
1833 3545 1965 3627 ctiam
1998 3543 2205 3661 paniculae
2226 3538 2263 3619 in·

720 3686 959 3770 veniuntur
991 3684 1120 3799 plane
1154 3682 1450 3808 abortientes,
1484 3715 1675 3802 quarum
1717 3718 1772 3771 ne
1805 3718 1918 3774 unus
1945 3689 2128 3807 quidem
2153 3673 2263 3772 llosad

587 3834 595 3905 ,'
717 3828 1018 3915 evolutionem
1047 3828 1264 3941 pervenit,

817 3972 1027 4055 Fructus:
1054 3969 1218 4074 Bacca,
1240 3971 1336 4055 sive
1364 3973 1539 4087 capsula
1559 3972 1755 4082 baccata,
1781 3992 1880 4061 'non
1900 3977 2147 4083 dehiscens,
2172 3966 2262 4055 calice

717 4134 1012 4197 marcescente
1041 4090 1183 4195 adhuc
1213 4114 1392 4217 vestita,
1426 4114 1641 4232 oblonga,
1678 4120 1929 4227 trisulcata,
1970 4122 2144 4222 obtusa,
2181 4110 2263 4196 trilo-

719 4258 904 4362 colaris,
932 4256 1238 4369 polysperma,
1269 4259 1632 4374 semipullicaris,
1662 4266 1940 4378 receptaculo
1967 4258 2173 4349 seminum
2201 4278 2264 4335 cen·

716 4397 832 4483 trali.
903 4395 1081 4481 Semina
1121 4426 1304 4509 rugosa,
1348 4402 1579 4512 angulosa,
1619 4411 1859 4501 introrsum
1898 4412 2026 4527 quasi.
2064 4399 2262 4493 convoluta,

712 4540 894 4653 singulis
926 4542 973 4623 in
1004 4540 1161 4626 loculis
1187 4543 1456 4631 uniserialia.

756 4683 870 4768 Iu
897 4682 1017 4769 silvis
1047 4684 1281 4799 primaevis
1310 4685 1588 4778 Brasiliae
1619 4724 1767 4783 mense
1797 4696 2065 4795 Decembri,
2094 4718 2183 4779 cum
2211 4667 2316 4794 llo..

714 4826 838 4912 ribus
865 4849 995 4947 atque
1032 4822 1264 4914 fructibus.
1289 4876 1350 4897 --
1369 4829 1467 4941 (In
1503 4835 1622 4919 silvis
1653 4836 1710 4929 ad
1732 4836 1900 4953 'Xipoto
1924 4838 2108 4927 fluvium
2133 4829 2316 4918 Mina

715 5000 831 5055 rum
862 4969 1211 5059 Generalium
1243 4974 1351 5060 locis
1383 4973 1601 5062 umbrosis
1632 4977 1732 5065 udis
1763 4981 1957 5143 ubique,
1985 5006 2128 5066 mense
2153 4956 2316 5080 Aprili
