4692 6142
550 565 609 616 1111

551 745 719 834 deraret,
757 743 972 816 herbarium
999 740 1362 833 Lechenaultii,
1389 740 1436 811 ab
1460 741 1532 813 isto
1556 741 1681 837 paullo
1706 751 1790 811 ante
1815 743 1854 813 in
1879 741 1968 820 Iava
1991 743 2151 834 conqui-

555 880 664 950 situm
700 889 736 948 et
769 880 892 974 paucis
929 879 1002 950 huc
1028 902 1145 974 usqua
1170 891 1320 970 notum,
1357 875 1621 972 perlustraret,
1662 886 1746 943 ante
1773 877 1896 947 omnia
1921 899 2038 965 vero,
2077 888 2148 962 ut,

555 1013 660 1084 diviti
692 1013 962 1106 amphibiorum
996 1025 1197 1108 apparatu,
1243 1013 1306 1107 qui
1339 1009 1491 1081 Parisiis
1518 1019 1751 1099 asservatur,
1791 1011 1831 1080 iu
1856 1031 1941 1082 usus
1968 1033 2052 1096 suos
2078 1008 2148 1098 ad-

549 1147 689 1234 hibita,
718 1171 762 1216 eo
790 1145 948 1217 celerius
968 1149 1186 1245 Syrtema
1211 1145 1573 1240 amphibiorum,
1589 1125 1590 1130 ἵ
1608 1142 1708 1238 quod
1726 1142 1816 1214 duos
1843 1142 1915 1211 iam
1933 1164 2047 1212 annos
2069 1152 2146 1212 tra-

552 1280 694 1368 ctabat,
723 1280 904 1352 adfinem
931 1283 1162 1374 perduceret

651 1373 808 1482 Praeler
829 1405 941 1489 'haec
968 1427 1114 1508 autem,
1161 1413 1471 1507 quemadmodum
1511 1410 1678 1510 Berplini
1712 1409 1800 1482 olim
1836 1420 1946 1504 atque
1981 1410 2147 1481 Londini

555 1558 684 1616 cuncta
711 1545 840 1616 Musca
872 1548 1001 1620 videre
1026 1549 1097 1639 ipsi
1124 1550 1327 1638 contigerat
1341 1597 1351 1635 ,
1378 1548 1430 1614 sic
1456 1546 1566 1616 ctiam
1591 1545 1775 1614 desiderio
1799 1542 1980 1636 flagrabat
1995 1544 2148 1616 ridendi

551 1679 721 1778 reliqna,
759 1681 890 1776 quibus
927 1679 1062 1748 Parisii
1094 1677 1305 1766 abundant,
1343 1701 1478 1748 musea.
1526 1679 1765 1771 Quapropter
1788 1675 1958 1778 {Knhlius
1994 1690 2032 1748 et
2071 1702 2146 1748 vau

556 1811 719 1900 Hasselt,
749 1813 915 1882 conclavi
939 1833 1055 1904 prope
1080 1809 1250 1880 Museum
1278 1810 1467 1881 Historiae
1490 1810 1666 1887 naturalis
1689 1811 1893 1910 conducto,
1922 1812 2149 1882 totumfere

557 1946 655 2016 diam
695 1945 748 2020 ihi
784 1947 822 2014 in
861 1943 1125 2048 perlustrandis
1170 1940 1359 2032 omuibus,
1402 1966 1495 2036 quae
1532 1943 1792 2027 inveniebant,
1828 1943 2154 2046 animationis-l

551 2077 846 2146 vertebratorum
874 2081 1067 2168 generibus
1094 2083 1381 2168 consumserunt.
1433 2076 1550 2148 Simul
1577 2088 1722 2164 autem,
1753 2077 1977 2149 Cuvierii
2002 2089 2041 2146 ct
2064 2078 2147 2146 Sa-

552 2210 706 2308 vignii
740 2210 854 2280 libros
882 2210 928 2278 da
971 2211 1106 2279 horum
1142 2193 1354 2278 animalium
1379 2210 1583 2278 anatomiae
1616 2209 1720 2279 domi
1755 2232 1909 2304 vespere
1940 2220 2150 2280 tractarunt

555 2357 591 2412 et
625 2368 646 2410 a
675 2343 929 2450 Curicrio,
966 2342 1049 2412 viro
1075 2340 1357 2432 humanissimo,
1384 2343 1507 2414 variasv
1530 2365 1589 2412 rea
1614 2354 1862 2436 acceperunt,
1898 2343 1939 2412 in
1964 2367 2051 2438 quas
2076 2347 2146 2436 ipsi

550 2477 792 2568 inquirerent.
858 2475 1059 2546 Praeterea
1093 2497 1185 2548 vero
1221 2473 1382 2544 Kuhlius
1407 2476 1625 2568 praesertim
1659 2501 1719 2546 eas
1744 2477 1878 2564 horas,
1916 2477 2047 2570 quibus
2075 2500 2147 2550 vau

554 2608 707 2678 Hasselt
745 2620 782 2678 et
818 2608 1048 2678 Gremersius
1083 2607 1239 2700 collegia
1271 2609 1414 2680 medica
1451 2607 1670 2698 audiebant,
1718 2608 1777 2679 vel
1810 2610 2018 2680 nosocomia
2060 2610 2146 2678 adi-

550 2743 638 2812 bant
654 2741 730 2828 ,iu
755 2763 800 2810 eo
826 2741 1048 2829 consumsit,
1075 2753 1116 2810 ut
1140 2743 1334 2832 materias,
1361 2743 1407 2815 ad
1434 2763 1525 2836 opus
1548 2765 1658 2824 suum
1686 2741 1754 2817 »tle
1776 2719 1992 2842 amphibiis,
2019 2745 2145 2818 avibus

555 2883 592 2941 et
617 2871 959 2967 aliisuanimalibusv
990 2873 1314 2965 conscribendum,
1341 2874 1545 2968 colligeres

653 3005 927 3096 Cuviarius,
954 3007 1013 3078 vir
1037 3006 1316 3098 illustrissimus,
1344 3031 1490 3103 quoqne
1510 3009 1660 3080 Saturni
1685 3010 1746 3081 die
1771 3027 1925 3103 vespere
1948 3020 2072 3082 coetus
2090 3009 2148 3080 in·

524 3111 695 3232 ¹stituit,
733 3141 777 3210 ad
805 3163 896 3236 quos
923 3159 1076 3229 omnes,
1115 3131 1282 3234 quitum
1308 3140 1459 3212 Parisiis
1484 3153 1700 3232 versantur,
1729 3141 1801 3216 viri
1826 3141 1925 3212 docti
1938 3141 2059 3214 solent
2081 3145 2146 3212 in-

555 3275 676 3341 vitari.
737 3272 881 3362 Quibus
907 3284 948 3342 ut
972 3272 1214 3362 interessent,
1244 3275 1354 3350 ctiam
1381 3275 1535 3345 Kuhlius
1560 3283 1606 3345 et‘
1622 3298 1693 3350 van
1717 3273 1869 3349 Hasselt
1893 3297 2037 3368 semper
2061 3288 2147 3348 sunt

554 3410 695 3498 rogati,
722 3405 825 3476 licuit
846 3429 1005 3500 quoque,
1033 3405 1302 3482 Bibliothecam
1327 3409 1404 3480 cius
1430 3433 1572 3503 quaque
1589 3410 1682 3480 hora
1701 3405 1876 3480 adhibere
1891 3421 1929 3482 et
1946 3433 2031 3480 cum
2056 3409 2147 3478 Cn·

554 3541 708 3611 vierio
729 3540 767 3608 in
791 3539 918 3632 eodem
939 3540 1105 3616 conclavi
1127 3541 1314 3632 laborare,
1340 3540 1563 3639 singulisque
1579 3563 1791 3620 muscarum
1807 3540 2001 3643 praefertis
2017 3543 2146 3616 iniun-

558 3671 730 3764 gebatur,
761 3685 801 3742 ut
826 3698 953 3748 omnes
979 3675 1085 3750 cistas
1110 3675 1183 3752 illis
1208 3674 1452 3752 recluderent,

654 3807 791 3876 Procul
810 3807 922 3878 drabio
943 3819 1066 3878 autern
1089 3810 1187 3880 inter
1212 3779 1267 3881 tot
1289 3776 1479 3905 tantosque
1496 3811 1597 3884 viros
1616 3808 1814 3882 maximam
1836 3808 1966 3882 tribuit
1981 3807 2146 3879 admira-

544 3943 692 4048 ,tiopem
707 3941 1304 4035 dignissimamqueAlexandro
1322 3946 1378 4015 ab
1402 3943 1437 4012 H
1450 3943 1679 4034 amboldt,
1697 3967 1806 4039 quem
1818 3947 1938 4018 virum
1947 3943 2144 4032 nescimus,

498 4113 519 4151 ‚·
553 4083 678 4146 utrum
704 4072 932 4144 humanitate
958 4075 1134 4166 dicamus,
1162 4101 1210 4146 an
1235 4077 1455 4167 eruditione,
1480 4100 1531 4148 an
1555 4077 1715 4172 deniquo
1739 4079 1936 4171 prudentia
1959 4092 2147 4174 praestan-

556 4207 703 4275 tiorem.
752 4205 904 4276 Paravit
921 4207 981 4275 hic
1004 4207 1139 4302 Kuhlio
1164 4219 1204 4280 et
1227 4209 1305 4278 eius
1331 4210 1448 4280 amico
1474 4231 1658 4280 accessum
1681 4209 1842 4285 liberum
1869 4215 1915 4285 ad
1935 4214 2148 4288 Imn'tutum

517 4441 520 4444 Ι
557 4341 735 4432 Regium,
779 4333 862 4433 quo
884 4341 1194 4434 praelectionibus
1227 4342 1406 4413 interesse
1441 4351 1479 4412 'et
1513 4342 1737 4416 bibliotheca
1767 4348 1845 4418 eius
1881 4347 1959 4419 frui
1981 4328 2148 4440 ‘liceret3

446 4467 449 4472 ’
558 4475 667 4566 quid,
704 4474 854 4567 propria
877 4476 990 4543 etiam
1016 4442 1250 4544 bibliotheca
1266 4476 1310 4544 iis
1336 4477 1389 4544 uti
1414 4477 1593 4548 concessit
1618 4477 1903 4574 officiosissime,
1941 4506 2059 4576 neque
2084 4463 2150 4550 ioss

558 4605 706 4698 dignum
735 4610 878 4700 putavit
902 4621 1092 4699 nostrum,
1119 4632 1231 4702 ,quem
1257 4610 1354 4679 iuter
1377 4581 1580 4682 familiares
1605 4614 1801 4705 reciperet.

657 4739 759 4810 luter
794 4742 884 4814 hacc
916 4743 1091 4833 Kuhlius,
1128 4743 1404 4814 dum-Parisiis
1429 4746 1600 4834 vivebat,
1633 4726 1936 4841 monographiam
1959 4771 2062 4817 snam
2088 4747 2149 4817 ab·

562 4871 671 4949 solvit
696 4876 749 4944 de
776 4875 1029 4991 l'sittacis,
1066 4861 1234 4976 quaein*
1261 4875 1438 4953 Actorum
1464 4889 1675 4982 nostrorum
1698 4879 1887 4955 decimo
1913 4880 2151 4957 volumine

561 5006 654 5100 typis
682 5029 852 5103 expressa
879 5021 942 5080 est.
