4692 6142
1674 633 1782 687 mn

283 813 403 928 =Quod
427 835 477 910 'ad
503 833 747 930 amphibia
771 837 953 930 pertinet,
981 843 1196 934 praesertim
1221 844 1374 914 meritus
1392 854 1447 916 est
1465 843 1655 940 adscriptis
1672 849 1782 918 mul·

187 981 347 1042 tarum
372 969 640 1064 figurarum
667 971 876 1043 inSebae
903 971 1119 1042 thesauro
1145 976 1433 1066 nominibus,
1462 980 1782 1072 quibusmagnum

186 1105 225 1172 in
252 1103 455 1176 evolvendo
480 1125 576 1173 nunc
601 1103 673 1173 isto
699 1103 892 1176 Thesauro
918 1105 1070 1174 eruditis
1096 1107 1328 1203 commodum
1354 1119 1516 1200 paratur.
1566 1109 1782 1205 Multaeque

186 1237 299 1306 etiam
329 1235 481 1306 istarum
506 1236 545 1304 in
572 1235 727 1324 Sebam
762 1236 1056 1306 lucubrationum
1093 1237 1131 1304 in
1156 1234 1416 1326 Auctariis,
1442 1239 1515 1307 iam
1550 1238 1682 1328 citatis,
1718 1242 1801 1310 in-'

190 1369 395 1438 veniuntur.
419 1347 423 1354 ’
450 1367 594 1438 Ibidem
627 1369 833 1462 reperimus
866 1371 974 1438 etiam
1010 1367 1465 1440 Animadversiones
1504 1344 1702 1440 criticas
1742 1373 1782 1441 iu

181 1498 401 1592 ,Daudini
429 1489 518 1592 opus
545 1501 590 1570 de
616 1501 953 1594 Serpentibus,
982 1513 1019 1568 et
1041 1496 1372 1571 Adnotationes
1398 1501 1605 1573 utilissimas
1627 1504 1673 1573 de
1697 1528 1781 1574 nu-

189 1654 317 1706 mero
366 1632 464 1726 apud
510 1644 699 1728 serpentes
729 1645 971 1702 scutorum
1006 1633 1270 1702 abdominis
1306 1645 1348 1701 et
1383 1635 1585 1724 caudae,
1622 1647 1782 1728 quorum

186 1764 321 1831 nostris
346 1765 574 1856 temporibus
599 1765 731 1835 merito
756 1787 918 1834 summus
944 1764 991 1833 ad
1015 1764 1284 1855 distinguendas
1310 1765 1447 1858 species
1477 1789 1564 1835 usus
1596 1767 1778 1839 laudatur.

188 1893 303 1962 Certo
323 1894 354 1962 si
372 1894 411 1962 in
427 1893 509 1962 latis
535 1893 681 1984 luisset,
709 1906 750 1964 ut
768 1919 814 1964 ex
841 1895 944 1964 India
968 1895 1015 1963 ad
1040 1918 1107 1964 nos
1121 1907 1346 1985 reverteret,
1374 1918 1502 1987 noras,
1521 1921 1607 1990 quas
1626 1899 1780 1990 invenit,

189 2025 462 2117 amphibiorum
488 2028 625 2118 species
652 2028 696 2096 ad
714 2029 864 2098 modum
890 2027 1137 2096 blerremii
1164 2027 1425 2146 descripsisset,
1452 2051 1606 2122 quarum
1634 2033 1800 2138 interim,

188 2157 325 2248 aliquas
351 2157 460 2228 modo
485 2157 525 2226 in
549 2158 697 2248 litteris,
726 2159 772 2228 ad
799 2159 1151 2266 Swindercnum
1176 2161 1320 2250 missis,
1343 2162 1462 2231 obiter
1492 2164 1620 2254 attigit.
1672 2165 1784 2254 Quod

188 2288 235 2355 ad
259 2289 499 2360 Animalia
524 2291 855 2364 invertebrata
882 2291 1031 2380 attinet,
1059 2291 1160 2361 nulla
1182 2307 1267 2362 ante
1284 2295 1376 2382 iter,
1406 2295 1444 2362 in
1466 2294 1606 2363 Indiam
1630 2319 1784 2389 suscep-

186 2431 288 2511 tum,
312 2421 458 2493 inventu
485 2422 665 2514 vulgavit3
703 2447 940 2516 quaecunque
977 2423 1101 2515 itaque
1144 2447 1192 2492 ex
1225 2407 1380 2493 istorum
1418 2425 1530 2493 classe
1570 2426 1608 2492 in
1652 2427 1785 2495 itinere

185 2553 333 2624 inventa
357 2568 466 2644 sunt,
493 2557 628 2626 merito
654 2557 723 2648 ipsi
748 2569 786 2624 et
810 2559 910 2626 socio
936 2555 1098 2639 itineris,
1126 2578 1204 2620 van
1229 2554 1406 2638 Hasselt,
1434 2555 1640 2622 communia
1659 2555 1784 2624 tribu-

187 2699 311 2756 untur.
374 2689 485 2776 Quod
520 2689 564 2756 ad
598 2687 883 2758 Anatomiam
917 2693 1258 2783 comparatam,
1294 2683 1447 2751 Kuhlius
1480 2684 1656 2778 pleraque
1691 2712 1786 2757 con·

188 2817 342 2910 iunctim
367 2818 594 2918 cumamico
618 2829 655 2886 et
679 2819 779 2886 socio
803 2843 894 2910 suo,
922 2839 998 2888 van
1024 2814 1203 2906 Hasselt,
1240 2816 1429 2903 tractavit,
1468 2819 1638 2908 quocirca
1676 2821 1786 2890 etiam

101 3029 105 3036 ,
190 2951 300 3021 ambo
326 2949 791 3038 Animadversiones,
830 2951 875 3018 ad
909 2951 1015 3019 istam
1049 2927 1253 3018 doctrinam
1286 2949 1535 3040 pertinentes,
1575 2954 1785 3044 promiscue
1879 3025 1882 3032 ,

137 3155 145 3176 -.
191 3097 228 3158 et
252 3086 327 3154 suis
353 3082 543 3176 utriusque
568 3083 775 3154 nominibus
801 3082 972 3171 adiectis,
1000 3081 1209 3150 ediderunt.
1264 3083 1342 3146 Ha‘e
1367 3090 1489 3150 autem
1513 3082 1785 3153 observationes

190 3217 350 3288 maxime
373 3217 520 3310 quidem
538 3237 663 3286 omnes
683 3217 981 3289 vertebratorum
1007 3187 1218 3280 animalium
1244 3220 1400 3303 quatuor
1420 3210 1549 3279 classes
1565 3213 1784 3296 tractabant,

191 3351 393 3418 sedunum
425 3360 548 3418 tamen
580 3370 670 3440 prae
708 3349 838 3417 ceteris
873 3355 980 3438 caput
1012 3319 1077 3413 ‘hio
1113 3343 1329 3432 laudamus,
1370 3343 1650 3436 disputationem
1687 3346 1787 3446 quod

190 3483 353 3552 continet
378 3481 424 3550 de
451 3468 681 3552 diversorum
704 3479 914 3549 animalium
936 3478 1121 3548 cordibus.
1162 3475 1284 3570 Atque
1310 3477 1349 3544 in
1374 3476 1430 3544 his
1456 3477 1585 3567 etiam,
1614 3479 1721 3547 sicuti
1744 3483 1785 3547 in

190 3615 342 3707 reliquis
367 3612 490 3684 Kuhlii
516 3615 679 3707 scriptis,
706 3635 802 3684 nora
825 3611 1006 3706 permulta
1031 3611 1214 3702 leguntur.

179 3721 186 3738 ⁹
289 3749 333 3818 ln
358 3749 511 3842 itinere,
528 3773 611 3841 ,quo
637 3748 761 3834 lavam
787 3747 942 3818 insulam
969 3746 1163 3847 petebant,
1192 3743 1337 3812 tametsi
1365 3743 1586 3812 dissecandis
1613 3744 1785 3814 anima·

189 3882 313 3952 libus
370 3883 721 3952 invertebratis
767 3882 959 3952 maximam
1007 3901 1157 3972 operam
1206 3879 1354 3965 darent,
1400 3877 1784 3949 vertebratorum

193 4029 316 4084 tamen
343 4018 615 4086 anatomiam
642 4016 910 4102 industriosae
935 4012 1044 4082 etiarn
1067 4008 1399 4102 amplificaverunt.

291 4147 345 4217 Ut
369 4137 413 4219 de
441 4149 597 4241 Regno
624 4147 883 4240 vegetabili
908 4139 1092 4229 dicamus,
1121 4143 1191 4211 hoc
1216 4142 1276 4209 isti
1301 4141 1519 4233 praesertim
1556 4141 1784 4234 animadver-

195 4292 343 4368 terunt,
379 4305 449 4374 qua
475 4283 556 4375 lege
583 4282 728 4378 plautae
751 4304 819 4376 per
844 4293 966 4352 terrae
991 4274 1220 4370 superficiem
1245 4274 1536 4365 distribuantur,
1575 4275 1785 4370 quatiere

192 4425 272 4481 tum
296 4414 740 4504 ininsulafllldadeira,
768 4416 909 4484 tamin
934 4407 1268 4480 Promontorio
1293 4407 1447 4476 bonae
1473 4405 1612 4497 Spei,
1640 4417 1719 4476 tum
1744 4407 1784 4476 in

197 4545 305 4618 lava
332 4545 449 4616 insula
475 4548 604 4618 multas
632 4547 995 4642 diligentissimosque
1020 4543 1344 4638 pervestigationes
1370 4539 1619 4608 instituerunt.

295 4677 338 4746 ln
373 4676 693 4773 Mineralogia
730 4693 766 4750 et
802 4677 1036 4770 Geologia
1069 4677 1113 4744 iis
1142 4673 1358 4744 adversaria
1394 4672 1502 4739 docta
1538 4669 1591 4740 de
1631 4670 1784 4761 geolc-

195 4810 298 4899 gicu
329 4807 570 4882 Madeirae
595 4815 949 4884 constitutione
974 4810 1168 4898 debemus,
1197 4827 1313 4896 porro
1338 4801 1529 4871 meliorem
1556 4801 1783 4869 australis

197 4935 536 5010 Promontorii
569 4941 755 5016 Africae
801 4954 1126 5038 conspectum3
1163 4960 1294 5030 graves
1329 4932 1438 5005 etiam
1478 4933 1784 5005 animadver-

197 5072 346 5142 siones
381 5073 426 5141 de
462 5072 639 5144 Cocoiis
672 5078 1056 5170 insulis3·deniquc
1090 5085 1129 5142 et
1172 5074 1338 5142 diversos
1377 5067 1556 5158 nuncios,
1597 5071 1785 5160 regionem
