4692 6142
1691 661 1796 733 mi

194 903 314 973 iuxta·
342 893 706 994 Ipsumvdleoen't,
745 895 874 988 Quem
909 905 1008 967 aetas
1046 895 1154 966 rebus
1199 890 1364 966 adversis
1396 893 1645 984 magnitudine
1684 896 1797 970 animi
1845 995 1852 1008 ·

194 1025 428 1130 superiorem
452 1030 697 1126 grandiusque
723 1051 770 1100 ar
794 1027 868 1100 illis
892 1041 1152 1124 emrgentem
1179 1027 1425 1122 vidit-quam
1443 1025 1631 1117 Noster,
1657 1031 1796 1104 sentire
1824 1105 1828 1110 ,

196 1179 391 1264 potuerat,
419 1165 557 1237 afflicto
584 1165 708 1234 animo
730 1163 773 1234 in
798 1187 950 1235 secessu.
965 1163 1129 1234 lenimen
1154 1173 1366 1256 paraturus,
1394 1153 1554 1254 optim'ns
1580 1146 1797 1236 Hardea·
1837 1149 1849 1163 ³

198 1303 397 1398 bergius
422 1323 446 1370 a
470 1298 587 1370 Reae
621 1299 749 1391 petiit,
787 1308 831 1390 ut
862 1323 881 1366 a
915 1297 1131 1372 muneribus
1164 1295 1335 1390 gerendis
1369 1293 1630 1369 dimitteretur.
1706 1298 1799 1374 voti

198 1459 347 1529 compos
367 1433 501 1524 factus,
523 1433 609 1504 inde
628 1433 674 1502 ab
698 1452 803 1522 anno.
819 1433 912 1504 1808
930 1454 1046 1527 usque
1066 1431 1111 1502 ad
1129 1452 1266 1501 annum
1290 1432 1384 1500 1810
1405 1429 1504 1503 ritae
1521 1405 1690 1526 privatae
1708 1429 1799 1505 otii-⁴
1843 1437 1848 1444 ’

199 1593 294 1664 que,
321 1569 404 1640 Suis
429 1566 621 1662 Musisque
640 1567 779 1657 dicati,
808 1565 1002 1637 dulcedine
1029 1591 1115 1637 usus
1141 1578 1196 1640 est
1219 1565 1258 1634 in
1283 1563 1461 1658 praedio,
1495 1565 1594 1658 quod
1624 1565 1797 1660 posside·
1830 1563 1848 1578 ’“

197 1697 286 1786 bat,
328 1689 578 1788 Tempelboff,
618 1713 736 1787 prope
761 1690 990 1766 Berolinnrn.
1068 1690 1184 1788 Haud
1209 1696 1344 1766 diutius
1370 1707 1497 1769 tamen
1522 1698 1599 1769 otio
1623 1699 1695 1772 hoc
1720 1699 1801 1794 lp·
1835 1697 1843 1706 '

198 1853 303 1900 snm
330 1828 432 1918 frui,
471 1825 663 1920 Regnique
696 1826 944 1918 gubernacula
975 1839 1079 1899 tanto
1112 1830 1362 1921 gubernatore
1398 1853 1528 1920 carere
1551 1834 1633 1906 sirit
1667 1831 1798 1903 Recta

199 1963 356 2060 provida
381 1983 472 2032 cura
496 1971 534 2030 et
558 1959 837 2054 benevolentia,
873 1961 1111 2056 decrevitque
1136 1965 1281 2058 potius,
1319 1987 1497 2038 revocare
1528 1963 1575 2036 ad
1608 1988 1800 2061 supremos
1834 1968 1839 1978 “

202 2100 308 2191 regui
334 2095 566 2198 magistratus
592 2093 1008 2190 Hardenberginm
1047 2099 1208 2191 Suum,
1242 2098 1459 2195 Eique'in
1482 2097 1637 2170 fiduciae
1663 2101 1802 2170 animi-
1833 2103 1838 2110 ’

203 2255 277 2327 que¹
293 2224 553 2326 propensionis
579 2229 793 2302 immutatae
819 2230 1079 2304 documentum
1105 2200 1437 2306 luculentissimum
1470 2257 1606 2308 noram
1640 2256 1803 2306 summe·

205 2385 276 2460 que
301 2365 480 2458 insignem
505 2363 674 2436 tribuere
701 2387 896 2438 munerum
921 2365 1106 2461 simulque
1131 2367 1317 2438 honorum
1343 2379 1381 2438 et
1416 2377 1612 2439 ornatuum
1638 2367 1802 2463 amplifi-

204 2500 398 2571 cationem.
450 2495 594 2570 Eodem
620 2499 746 2594 itaque
771 2521 869 2570 auno
903 2493 1034 2594 (1810)
1059 2501 1120 2569 hic
1145 2501 1236 2572 Vir
1260 2499 1557 2589 Illustrissimus‚
1584 2497 1806 2572 Berolinum‘

203 2653 399 2725 reversus,
425 2633 472 2703 ad
497 2655 710 2728 supremum
737 2636 774 2704 in
801 2633 1006 2704 ministerio
1032 2633 1160 2701 Recta
1185 2641 1374 2724 statusque
1399 2630 1546 2721 locum,
1573 2619 1817 2724 dignitatem-⁴

204 2789 278 2861 que
313 2765 538 2838 cancellarii
578 2766 698 2857 Regni
733 2765 921 2838 Borussioi
959 2775 1107 2838 evectus
1145 2773 1226 2854 est,
1266 2764 1449 2863 huiusque
1489 2763 1805 2861 splendidissimae

207 2896 393 2990 dignitatis
417 2896 456 2971 ri
480 2896 637 2968 Praeses
663 2895 906 2969 illustrissimi
940 2895 1101 2970 Concilii
1126 2893 1440 2970 Administrorum
1471 2907 1585 2971 status
1614 2899 1805 2972 interioris

207 3027 342 3120 iactus,
362 3029 562 3134 dirigendis
588 3030 698 3102 rebus
724 3030 952 3126 negotiisque
980 3030 1163 3123 omnibus,
1182 3040 1264 3102 tum
1288 3032 1455 3121 internis,
1479 3044 1562 3104 tum
1587 3033 1635 3105 ad
1660 3044 1806 3108 exteras
1920 3100 1923 3105 .

210 3163 408 3234 relationes
433 3163 692 3256 attinentibus,
718 3165 950 3258 praepositus
975 3175 1042 3236 est.
1111 3135 1205 3240 Inde
1241 3187 1289 3236 ex
1304 3164 1394 3251 droa
1426 3174 1605 3266 tempore
1619 3135 1737 3264 usque
1760 3169 1808 3238 ad

208 3296 307 3370 ritae
338 3295 522 3391 gloriosae
555 3295 669 3368 finem
694 3297 887 3389 sublimis,
930 3310 1008 3393 'quo
1043 3296 1190 3370 Recto„
1215 3299 1395 3395 sapientia
1422 3293 1625 3396 'gratusque
1660 3301 1804 3386 animus

209 3430 364 3522 ipsum
390 3430 656 3525 collocaverat,
690 3431 768 3520 loci,
788 3431 1047 3527 praerogativa
1072 3442 1110 3502 et
1134 3442 1316 3526 potestate
1341 3429 1545 3529 officiisque
1578 3457 1653 3505 non
1686 3435 1814 3508 solum'

210 3565 387 3636 condono
412 3563 664 3658 iuncturam,
697 3566 764 3638 sed
794 3566 933 3660 ingenii
956 3576 996 3638 et
1020 3565 1201 3640 virtutum
1225 3568 1462 3662 praelucente
1498 3569 1538 3640 vi
1569 3592 1611 3640 ac
1643 3566 1805 3664 fulgore,

210 3699 325 3770 animi
347 3700 388 3770 iu
412 3699 523 3774 rebus
555 3699 681 3772 arduis
715 3698 953 3791 fortitudine,
990 3697 1273 3797 facinorumque
1307 3710 1345 3774 et
1373 3702 1598 3774 meritorum
1631 3701 1737 3797 copia
1771 3715 1810 3775 et

209 3834 434 3930 praestantia
457 3835 623 3908 muneris
649 3835 900 3908 excelsitatem
925 3833 1090 3907 reddidit
1114 3831 1222 3906 Raet
1251 3833 1462 3932 populoque
1497 3857 1614 3932 aeque
1647 3837 1821 3930 gratissi-¹

210 3991 309 4044 mam
335 3991 379 4040 ac
403 3967 689 4044 saluberrimam
713 3955 1105 4068 pr‘osperrimamque.¹
1735 3978 1738 3984 '
1779 3983 1783 3989 '

309 4101 461 4176 Etenim
479 4103 594 4176 baud
626 4127 694 4180 nos
724 4105 833 4178 decet
861 4101 1033 4201 quidem,
1078 4100 1221 4197 singula
1252 4103 1480 4176 recensendo
1514 4101 1667 4174 laudare
1702 4102 1812 4192 tells,

215 4257 306 4328 quae
339 4236 668 4310 Cancellarius
698 4235 1065 4339 illustrissimus
1092 4223 1136 4306 in
1169 4235 1304 4310 ultimo
1334 4237 1554 4332 praesertim
1585 4238 1684 4315 vitae
1716 4225 1811 4310 Suae

214 4366 412 4462 decennio,
454 4373 521 4448 etsi
560 4372 790 4469 grandaevus
828 4372 903 4444 iam
938 4368 1080 4462 factus,
1115 4370 1271 4462 iuuenili
1300 4379 1426 4479 tamen
1457 4373 1572 4446 animi
1602 4360 1814 4470 viriumque
1921 4347 1923 4353 ⁵

117 4525 118 4528 ¹
214 4501 352 4571 robore
380 4514 417 4573 et
441 4507 718 4604 perseverantia
740 4507 781 4580 in
805 4516 909 4586 vasto
942 4503 1151 4578 officiorum
1176 4507 1317 4599 ambitu
1333 4493 1336 4495 “
1352 4503 1539 4600 effecerit,
1572 4517 1649 4580 tam
1681 4507 1740 4578 ad'
1759 4507 1815 4579 in·

213 4634 396 4706 terionem
420 4641 524 4731 regni
548 4641 748 4738 populique
773 4641 963 4714 Bornasici
988 4641 1277 4713 exstructionem
1301 4637 1480 4735 florisque
1505 4632 1817 4715 restaurationem

215 4778 253 4840 et
277 4767 557 4862 adunationem,
595 4797 704 4868 quarn
731 4775 779 4848 ad
803 4775 918 4872 ipsius
942 4774 1090 4871 imperii
1115 4773 1214 4854 vires
1240 4797 1403 4870 opesque
1428 4785 1468 4847 et
1489 4775 1626 4848 auxilia
1650 4773 1815 4870 amplifi-

216 4901 353 4994 canda,
382 4913 420 4974 et
454 4925 548 4998 quae
581 4919 789 5003 quantaque
827 4903 879 4981 'sic
911 4909 970 4980 his
1007 4907 1160 5003 aliisque
1186 4919 1426 5002 recuperatae
1451 4905 1618 4978 laetioris
1643 4905 1822 4984 fortunae.

213 5023 410 5130 praesidiis
447 5013 704 5133 fructibusque
746 5041 972 5134 condendis,
1022 5063 1069 5116 ex
1107 5039 1236 5126 Rama
1276 5041 1412 5136 placite
1450 5039 1659 5138 illiusque
1702 5032 1825 5117 ductu,
1939 5017 1945 5026 ⁸

217 5168 448 5268 consiliisque
499 5171 548 5284 ad
595 5163 861 5250 restituendam
915 5175 1192 5284 augendamque
1254 5175 1442 5280 antiquam
1498 5171 1604 5246 solii‘
1630 5170 1826 5277 nomina·
