4692 6142
614 595 701 648 xm

606 774 721 902 giam,
750 805 1057 880 Gaertnerus
1082 813 1207 878 autem
1230 801 1445 897 botauicen3
1469 814 1551 881 tum
1575 803 2202 904 Leonhardus'mineralogiam

609 945 823 1018 universam
847 939 903 1011 illi
933 939 1099 1012 tradidit.
1156 938 1254 1012 Prae
1285 937 1420 1010 ceteris
1454 950 1578 1010 autem
1615 939 1875 1010 Leislerns
1914 962 2062 1036 operum
2097 969 2200 1015 suam

610 1075 728 1170 puero
764 1072 958 1170 praestitit.
1017 1069 1114 1144 Nam
1149 1095 1236 1144 cum
1270 1073 1351 1166 ipse
1384 1071 1464 1142 sine
1499 1070 1626 1144 liberis
1652 1084 1773 1162 esset,
1815 1073 1997 1144 Kuhlium
2022 1088 2198 1167 nostrum,

610 1235 721 1305 quern
753 1210 930 1284 historiae
963 1205 1139 1280 naturalia
1163 1205 1286 1276 studio
1319 1205 1454 1276 ardere
1486 1205 1701 1300 magnisque
1726 1204 1866 1278 viribus
1891 1203 2101 1300 praeditum
2127 1233 2199 1280 esse

612 1353 858 1436 cognoverat,
886 1341 924 1412 in
950 1337 1253 1412 consuetudinem
1273 1361 1382 1438 :suam
1406 1337 1572 1432 recepit,
1609 1337 1649 1409 id
1673 1338 1774 1432 quod
1798 1341 2091 1434 prosperrimum
2115 1365 2198 1414 sane

610 1477 737 1548 iuveni
769 1473 901 1547 evenit
962 1470 1213 1542 Leislerus
1250 1473 1349 1540 enim
1381 1467 1589 1562 praefectus
1630 1482 1724 1542 tum·
1741 1482 1823 1542 erat
1861 1472 2053 1564 societati,
2110 1498 2199 1568 quae

610 1606 808 1678 Honorias
832 1627 891 1678 res
918 1604 1103 1682 naturales
1128 1612 1166 1675 et
1189 1603 1426 1695 permutandi
1450 1615 1490 1676 et
1513 1605 1703 1676 mercandi
1728 1627 1838 1674 causa
1855 1627 1931 1676 uon
1954 1606 2072 1678 multo
2099 1619 2197 1678 antea

611 1751 746 1810 statuta
767 1749 859 1810 erat.
913 1736 1092 1826 Quotidie
1124 1735 1238 1828 igitur
1269 1752 1387 1826 puero
1412 1735 1498 1804 data
1530 1746 1587 1806 est
1617 1737 1759 1808 occasio
1792 1746 1831 1806 et
1854 1737 2050 1810 mittendas
2075 1760 2137 1810 res
2162 1752 2196 1811 ct

609 1883 777 1964 acceptae
801 1867 1045 1962 cognoscendi
1068 1865 1334 1960 tractandique.
1397 1866 1557 1962 Collegit
1588 1869 1667 1962 ipse
1699 1892 1770 1960 pro
1817 1893 1945 1942 museo
1977 1895 2000 1940 e
2036 1875 2195 1965 regione,

611 2026 706 2097 quae
732 2002 988 2094 circumjacet,
1014 2023 1128 2073 novas
1153 2021 1214 2070 res
1238 1998 1427 2071 naturales
1449 1999 1609 2094 retiaque
1633 2011 1868 2096 praeparatas
1891 2025 1952 2072 eas
1975 2005 2195 2094 transmisit,

611 2139 721 2208 etiam
741 2136 857 2206 multo
882 2135 1022 2224 labore,
1050 2158 1160 2229 quem
1185 2133 1392 2204 litterarum
1418 2135 1681 2206 commercium
1708 2158 1832 2206 secum
1850 2133 2040 2228 afferebat,
2067 2137 2196 2208 Leia-

610 2273 760 2346 lerum
787 2270 968 2344 liberarit.
1020 2268 1198 2358 Quotidie
1224 2290 1309 2338 eum
1334 2268 1528 2356 convenit,
1563 2268 1603 2337 iu
1629 2269 1904 2360 venationibus,
1947 2271 2193 2366 quae,‘Euro-

477 2483 483 2494 ,
607 2428 786 2504 pacorum
813 2401 1083 2496 ornithologiae
1108 2412 1186 2474 tam
1209 2401 1330 2494 largos
1356 2399 1497 2470 fructus
1534 2401 1761 2494 praebuere,
1796 2402 1991 2472 comitatus
2027 2413 2084 2474 eat
2120 2427 2196 2474 eum

609 2550 744 2633 atque,
789 2548 831 2606 ut
856 2537 1021 2610 breuiter
1046 2535 1193 2622 dicem,
1233 2534 1279 2602 ab
1303 2557 1348 2602 eo
1372 2533 1411 2602 in
1436 2543 1576 2604 rectam
1601 2536 1731 2604 duetus
1759 2546 1815 2606 est
1840 2536 1960 2624 riam,
2018 2559 2131 2631 quam
2162 2549 2197 2604 ut

606 2697 677 2742 usu
710 2693 768 2741 res
805 2679 1017 2762 cognoscat,
1076 2667 1222 2758 ingredi
1262 2667 1416 2762 quisque
1458 2666 1569 2738 debet
1601 2680 1757 2739 naturae
1791 2670 1959 2740 assiduus
1999 2672 2193 2764 indagator.

608 2803 719 2874 Unde
750 2804 894 2893 evenit,
937 2814 977 2874 ut
1010 2799 1173 2870 Kuhlius
1204 2811 1353 2890 noster,
1402 2799 1477 2870 iam
1515 2822 1629 2894 puer,
1658 2823 1717 2872 res
1749 2812 1903 2872 naturae
1934 2824 2060 2874 omnes
2098 2813 2193 2873 tanto

607 2937 772 3005 acumine
786 2935 921 3026 ingenii
934 2902 1131 3021 tractaret,
1159 2946 1293 3024 quanto
1317 2931 1382 3007 rix
1405 2933 1600 3026 contigerit
1624 2922 1680 3004 itti
1706 2935 1793 3007 viria
1807 2945 1927 3006 aetate
1951 2938 2195 3029 provectiori-

604 3069 685 3142 bus.
722 3067 782 3136 Sic
809 3065 953 3154 omnia,
982 3062 1202 3158 quaeregio
1228 3063 1475 3138 Hanoviensia
1501 3065 1670 3160 profert,
1703 3060 1860 3162 corpora
1884 3069 2066 3140 natureIIa
2092 3093 2194 3166 quam

605 3225 675 3294 pro
711 3173 846 3292 puerili
879 3197 961 3268 iere
994 3207 1115 3268 aetate
1145 3197 1265 3267 multo
1290 3200 1494 3269 accuratius
1526 3202 1648 3271 animo
1674 3203 1865 3296 amplexus
1890 3215 1968 3292 est,
2020 3204 2194 3296 simulque

607 3356 760 3402 acumen
798 3329 930 3402 mentis
968 3332 1058 3402 adeo
1085 3331 1276 3418 exercuit,
1317 3341 1359 3402 ut
1392 3332 1562 3427 deinceps
1589 3333 1668 3403 aliis
1700 3336 1739 3404 in
1774 3343 1898 3407 terrae
1933 3336 2102 3430 partibus
2132 3337 2194 3405 de-

607 3468 744 3538 texerit
755 3513 766 3553 ,
800 3485 894 3558 quae
919 3463 1020 3533 mille
1044 3462 1134 3532 alios
1160 3472 1246 3532 ante
1272 3461 1492 3556 effugissent.

572 3662 575 3668 .
616 3639 619 3644 ·
707 3583 813 3687 Quae
837 3585 907 3666 nisi
931 3597 1026 3666 bene
1051 3595 1312 3690 perpenderis,
1361 3597 1425 3667 rix
1458 3595 1570 3667 iidem
1595 3598 1750 3670 haberes
1784 3602 1973 3687 narranti,
2018 3598 2194 3669 Kohlium

606 3729 705 3799 XIX
742 3751 856 3800 annos
895 3742 1044 3814 natum,
1096 3728 1392 3800 Leonhardo
1433 3711 1631 3822 magistro,
1678 3733 1751 3837 iam
1784 3741 1903 3806 totum
1939 3732 2194 3826 mineralogias

606 3863 839 3957 complexum
877 3875 1140 3959 pertractasse,
1200 3886 1372 3955 magnum
1398 3886 1594 3934 numerum
1620 3864 1851 3957 plantarum,
1898 3867 1936 3935 in
1964 3860 2193 3938 Wet'teraria

608 3998 873 4086 crescentium,
930 3997 1201 4066 Gaertnero
1242 3999 1335 4069 duce
1381 4018 1460 4066 essa
1500 4007 1768 4105 perscrutatum
1818 4009 1856 4068 et
1900 4000 2024 4068 omnia
2055 3998 2192 4068 mediae

604 4131 781 4222 Europae
816 4129 989 4204 animalia
1013 4131 1290 4223 quadrupedia,
1319 4154 1404 4203 ares
1431 4126 1469 4198 e't
1491 4131 1609 4222 pisces
1640 4133 1795 4204 normae.
1857 4130 1960 4221 Quin
1991 4133 2103 4203 etiam
2136 4131 2192 4209 illa

605 4275 724 4333 aetate
755 4265 826 4332 iam
863 4231 979 4333 edidit
1005 4263 1050 4334 de
1077 4263 1295 4354 germanicis
1319 4261 1639 4355 vespertilionibus
1665 4264 1830 4336 libellum
1849 4263 1907 4360 *),
1941 4268 2078 4362 inquo
2103 4288 2194 4335 non·

603 4369 729 4466 nullae
764 4397 810 4467 ab
845 4418 891 4466 eo
925 4395 1088 4488 primum
1119 4396 1290 4466 inventae
1325 4397 1464 4490 species
1503 4399 1878 4469 communicabantur.
1958 4398 2080 4492 Atque
2115 4409 2193 4491 post

603 4529 812 4600 Leisleri
859 4541 1039 4615 mortem,
1085 4551 1178 4622 quae
1211 4527 1305 4598 VIII
1340 4529 1561 4604 Decembris
1604 4555 1637 4602 a.
1680 4533 1773 4602 1815
1810 4544 1964 4626 sequuta
1998 4544 2075 4621 est,
2135 4553 2185 4598 cu-

604 4685 683 4730 ram
720 4660 928 4754 roologicae
960 4661 1095 4754 partis,
1151 4683 1260 4753 quam
1284 4660 1518 4734 desiderabat
1549 4665 1759 4734 institutum
1792 4664 1998 4752 illud,›⁴et
2029 4683 2190 4733 mercaus

605 4807 643 4864 ct
677 4807 822 4864 mutans
858 4817 919 4864 res
962 4792 1170 4880 naturales,
1216 4794 1376 4887 suscepit
1387 4819 1399 4884 3
1456 4817 1576 4889 neque
1601 4819 1715 4883 sero,
1761 4799 1808 4867 ob
1834 4820 1949 4869 novos
1982 4797 2191 4867 accedentes

534 5004 539 5016 ,
604 4929 775 5018 labores,
822 4928 886 4998 alii
910 4927 1022 5000 cessit
1054 4927 1277 5020 litterarum,
1297 4927 1594 5020 commercium,
1636 4928 1780 5021 pridem
1807 4931 2008 5024 inceptum,
2046 4929 2113 5000 sed
2135 4951 2190 4996 so

637 5141 670 5209 ⁸)
708 5141 886 5195 Wermcm
902 5141 1033 5197 Amica
1052 5141 1115 5207 4trr
1137 5141 1237 5196 Bana.
