4692 6142
716 627 881 719 Beitrng
903 650 973 697 zur
997 629 1116 698 Flora
1141 625 1367 697 Brasiliens.
1783 649 1830 726 47

229 822 360 909 nibus
379 819 642 931 introssexis,
673 822 941 911 diametrum
964 825 1297 911 transversalem
1330 827 1530 940 capsulae
1554 832 1834 938 constituens,

227 966 579 1084 trophospermio
612 968 978 1053 tenuiiunctum.
1042 969 1218 1055 Semina
1253 1000 1401 1084 parva.

346 1108 419 1193 Ad
453 1106 618 1194 Villam
647 1106 724 1191 dos
753 1108 905 1193 Illte‘os.

346 1258 673 1347 Adnotatio.
740 1260 851 1348 Sunt
897 1263 1451 1378 speciesAngeloniae
1492 1270 1609 1357 aliae
1640 1296 1862 1372 erectae,

231 1406 340 1489 aliae
381 1403 717 1499 ,decumbentes
799 1406 998 1492 Palatnm
1041 1408 1095 1492 in¹
1127 1410 1224 1495 aliis
1267 1411 1439 1524 longius
1477 1401 1748 1525 preductum
1782 1418 1845 1499 in'

229 1547 324 1632 aliis
363 1569 549 1631 curtum.
635 1548 816 1663 Septum
856 1579 880 1633 a
920 1552 1163 1665 parietibus
1208 1557 1410 1669 capsulae
1453 1556 1510 1641 ad
1549 1558 1834 1677 trophosper-

226 1692 366 1817 mium
396 1690 658 1805 perducitur
701 1695 1030 1803 tenuissimum,
1083 1699 1296 1785 facillime
1343 1730 1564 1815 rumpens.
1647 1700 1831 1785 Semina

197 1836 470 1945 angulosa(
509 1868 538 1920 a
566 1837 636 1921 M.

434 2010 503 2094 sc
525 2010 802 2097 tuentia
841 2014 942 2099 mn.
986 2014 1041 2103 o.
1082 2016 1142 2129 pt.
1186 2016 1256 2110 ea.
1289 2017 1412 2106 sehr.
1444 2016 1500 2110 v.
1536 2044 1571 2109 1.
1603 2048 1645 2099 n.
1679 2016 1748 2103 aa.

500 2153 663 2283 Humb.
695 2180 739 2240 et
775 2156 926 2241 Kuuth
957 2158 1009 2245 N.
1043 2159 1098 2245 G.
1131 2177 1187 2245 et.
1219 2161 1291 2275 Sp.
1323 2162 1423 2254 Vol,
1454 2160 1507 2245 ll.
1539 2192 1582 2275 p.
1616 2162 1700 2247 300
1732 2193 1827 2280 sqq.

343 2331 598 2417 Characteri
660 2336 863 2445 generico
907 2334 1042 2420 adde:
1119 2334 1327 2423 Corollae
1367 2337 1497 2421 tubus
1552 2334 1647 2420 basi
1696 2368 1829 2449 angu-

220 2494 377 2580 status,
410 2477 455 2560 in
495 2474 643 2560 medio
683 2474 783 2559 hinc
815 2506 1054 2593 parumper
1083 2482 1382 2583 ventricosus,
1431 2480 1576 2565 nervis
1628 2480 1826 2595 quinque

220 2647 394 2702 sursum
440 2618 790 2703 distinctioribus
841 2644 1038 2724 notatus,
1090 2619 1229 2705 limbo
1274 2622 1348 2703 vix
1380 2619 1561 2705 dilatato
1607 2622 1827 2737 quinque·

220 2763 383 2876 plicato
440 2760 760 2846 obsoletissime
816 2758 1145 2879 quinquelob0,
1199 2790 1277 2843 seu
1321 2761 1467 2873 potius
1511 2759 1822 2875 quinquangu-

221 2905 320 3009 lari,
354 2890 467 2987 lobis
499 2902 737 2987 introrsum
771 2902 1067 3017 complicatis,
1117 2885 1236 3021 q'uos.
1266 2904 1381 2989 inter
1421 2904 1601 2989 nert'ie
1644 2903 1826 2989 sinubus

225 3048 269 3129 in
323 3045 475 3133 dentes
508 3044 615 3131 2·5.
656 3069 720 3157 sat
756 3044 934 3160 longos,
982 3050 1079 3164 plus
1120 3049 1267 3133 minus
1314 3047 1565 3165 inaequales
1605 3044 1829 3157 subulatos
1886 3052 1894 3057 ”
1937 3106 1944 3119 ·

223 3168 400 3274 obtusos
456 3186 819 3301 subglandulosos
875 3192 1199 3304 producuntur.
1285 3191 1563 3278 Nectarium:
1640 3190 1829 3275 annulus

222 3330 569 3451 quinquelobus,
606 3363 784 3443 germen
807 3334 998 3447 cingens.
1058 3334 1436 3449 Dissepimeutum
1467 3334 1623 3439 valvis,
1657 3365 1769 3450 quae
1803 3365 1826 3417 a

217 3479 382 3561 vertice
425 3474 481 3585 ad
520 3474 720 3563 medium
758 3508 896 3595 usque
928 3474 1209 3584 solummodo
1241 3472 1496 3579 finduntur,
1537 3471 1824 3591 parallelum,

219 3612 506 3736 bipartibile,
558 3647 783 3727 erectum,
827 3646 1072 3707 extrorsum
1105 3621 1315 3736 utrinque
1349 3622 1478 3703 crista
1510 3616 1826 3732 longitudinali
1950 3658 1954 3664 ·

222 3789 395 3849 arcuata
436 3797 518 3879 pro
559 3743 778 3852 seminum
817 3764 1057 3851 insertione
1101 3761 1355 3877 praeditum
1396 3762 1606 3876 purisque
1640 3758 1824 3874 geminis

222 3908 320 4011 (vel
351 3908 544 4007 etiamlt
584 3931 627 3993 et
657 3911 724 4019 6.)
770 3910 980 4025 oppositis
1030 3905 1356 3993 orbicularihus
1395 3903 1683 4019 perforatum.
1747 3904 1823 3988 Se-

221 4052 339 4135 mina
380 4084 630 4155 numerosa,
689 4034 1058 4170 subquadruplici
1108 4052 1221 4136 serie
1280 4048 1536 4151 imbricata,
1596 4047 1820 4161 angulosa,

223 4188 473 4277 retinaculis
505 4194 651 4283 nullis.
714 4225 742 4277 a
770 4193 913 4279 Mart.

337 4357 459 4443 obs.
521 4360 670 4447 Genus
692 4359 927 4448 Acantlteis
947 4359 1059 4447 forte
1091 4361 1244 4474 magis,
1283 4390 1417 4479 quam
1453 4362 1695 4476 personatis
1724 4389 1825 4473 pro·

219 4503 456 4620 pinquum,
489 4507 725 4621 praecipue
757 4508 793 4591 si
816 4504 1178 4619 dissepimentum
1206 4529 1373 4618 spectas
1406 4503 1451 4586 in
1485 4500 1591 4586 duas
1622 4501 1819 4585 lamellas

218 4644 411 4729 divisum
453 4644 743 4766 abortumque
781 4651 975 4766 partium
1014 4648 1071 4735 ad
1102 4648 1328 4735 binarium
1370 4678 1509 4766 usque
1541 4664 1814 4762 provectum.

219 4818 247 4869 u
280 4786 352 4871 M.

336 4926 691 5021 Schwenkia.
735 4934 1082 5042 mollissima,
1176 4937 1299 5023 caule
1368 4963 1540 5021 ramoso
1606 4927 1817 5049 foliisque
1867 5006 1888 5045 ,

220 5068 542 5159 cordatoovatis
593 5072 757 5161 obtusis
800 5078 1056 5166 mollissime
1090 5075 1586 5197 pubescenti-villosis,
1628 5072 1815 5160 floribus
