4692 6142
516 630 567 705 20
808 618 1135 697 ruaxlrtmtart
1143 675 1155 716 ,
1183 620 1319 696 Pium
1345 620 1818 721 cotvrno-Neutrum

514 820 595 913 sed
615 823 680 921 ,ils
709 820 1014 931 brevioribus,
1058 820 1154 909 basi
1184 818 1374 909 involuti
1402 810 1736 941 conspiciuntur
1765 810 1981 943 pedicelli'
2014 853 2121 957 pfo-

440 968 443 977 ’
516 972 631 1089 prii,
662 970 742 1091 qui
779 998 794 1056 t
828 1018 848 1039 ·
884 966 993 1088 rrsu
1038 966 1177 1055 lineas
1216 966 1366 1079 longi,
1408 968 1631 1083 angulosi,
1673 954 1907 1083 geniculo,
1963 984 2116 1069 annuli

517 1117 653 1202 instar
681 1114 954 1219 incrassato,
987 1109 1127 1201 medii
1167 1108 1447 1209 dividuntur.
1507 1110 1663 1202 Flotes
1692 1113 1970 1228 longitudine
2008 1124 2122 1210 isto-

518 1287 618 1369 rum
650 1255 862 1375 Asparagi
892 1230 1128 1343 officinalis
1156 1252 1428 1355 minoresve,
1455 1252 1538 1341 snb
1567 1254 1735 1343 antheri
1764 1260 1925 1367 erecti,
1957 1262 2037 1352 sed
2067 1298 2119 1353 ea

514 1424 692 1519 peracta
735 1396 948 1517 penduli,
995 1394 1144 1488 colore
1190 1394 1318 1505 albo,
1373 1397 1565 1487 antherio
1607 1395 1744 1485 flavis.
1822 1402 2116 1520 Superiorem

487 1546 636 1632 ·intar
683 1542 815 1632 flores
856 1539 1171 1631 fasciculorum
1219 1538 1332 1627 nudi
1374 1536 1562 1659 quidam
1611 1535 1897 1634 inveniuntur
1942 1548 2118 1662 pedun-

407 1753 409 1757 .
519 1689 637 1795 culi,
670 1717 865 1808 quorum
899 1684 1311 1803 gammasllorigera
1342 1686 1390 1769 in
1422 1681 1667 1798 capitulum
1703 1682 1907 1775 induruit
1943 1692 2031 1794 ita,
2068 1716 2119 1778 nt
2173 1712 2180 1727 ·
2216 1712 2221 1719 ’

428 1895 434 1903 -
520 1835 593 1921 isti
617 1830 863 1949 pedunculi
887 1830 1051 1947 pistillo
1076 1828 1299 1937 referant,
1330 1826 1606 1943 stigmatibus
1631 1828 1832 1947 capitatis
1858 1857 2080 1919 coronata.

618 2015 691 2104 Ad
716 2016 832 2105 viam
856 2014 1116 2123 silvestrem,
1144 2042 1258 2135 quaa
1284 2010 1409 2101 ducit
1434 2010 1480 2097 in
1505 2010 1689 2120 Minas,
1716 2012 1811 2102 solo
1835 2016 1972 2139 sicco,
2028 2018 2118 2105 Sub

504 2158 654 2249 linem
680 2160 939 2248 Decembris
971 2160 1110 2268 1816,
1141 2160 1306 2248 florens
1331 2155 1639 2277 fructibusque
1667 2159 1759 2247 fere
1785 2164 1984 2249 maturis.
2093 2213 2097 2217 Δ

621 2371 755 2460 Adn.
816 2368 1011 2461 Tametsi
1049 2402 1103 2460 ex
1141 2401 1231 2460 una
1269 2394 1393 2489 parte
1435 2369 1629 2458 exterior
1663 2368 2116 2497 Wachendorfiarum

521 2515 655 2607 iacies
697 2514 1056 2622 coniunctionem
1097 2516 1294 2633 ipsarum
1332 2543 1435 2601 cum
1471 2498 1628 2602 Irideis
1659 2512 1849 2630 probare
1884 2513 2116 2622 videatur,

523 2659 812 2759 nihilominus
846 2681 992 2745 tamen
1025 2660 1097 2745 isti
1131 2659 1287 2747 saltem
1312 2658 1483 2746 formae
1520 2656 1741 2777 quaedam
1773 2683 1838 2745 est
1870 2660 2117 2761 similitudo

524 2800 930 2921 Asphodelearum,
963 2800 1021 2888 ad
1046 2832 1155 2921 quas
1179 2832 1260 2920 per
1286 2798 1578 2890 Anthericnm
1604 2833 1740 2919 genus
1765 2832 1904 2920 prope
1937 2807 2121 2892 accedit.

623 3074 859 3203 Nomen:
917 3076 1341 3191 Hagenbachio‚
1370 3078 1618 3171 Medicinae
1644 3080 1848 3188 Ductori,
1878 3054 2123 3171 Professori
2156 3069 2161 3077 ’

524 3220 773 3339 Basiliensi,
831 3222 911 3338 qui
957 3220 993 3307 F
1005 3223 1178 3311 loram
1234 3222 1602 3313 Basiliensem
1646 3224 2115 3330 erudite'illustrana,

526 3354 1151 3457 C.Bauhiniimmortali
1189 3366 1535 3483 luculentissima
1569 3370 1932 3487 interpretatione
1958 3399 2123 3459 novam

527 3509 711 3626 gloriam
737 3510 932 3632 paravit,
965 3538 1100 3631 genus
1126 3509 1209 3597 boc
1233 3538 1406 3598 sacrum
1431 3542 1523 3600 esse
1551 3514 1767 3601 iubemus.

949 3800 1214 3901 Explicatio
1247 3800 1507 3901 figurarum
1539 3802 1633 3877 Tab.
1650 3802 1701 3875 11.

578 4010 629 4087 A.
679 4010 1012 4108 Hagenbachia
1036 4012 1355 4113 brasilienaia,
1383 4014 1634 4117 magnitudine
1660 4014 1852 4091 diminuta

580 4136 629 4209 Β.
679 4124 774 4208 Pars
800 4136 990 4233 paniculae
1019 4138 1272 4233 magnitudine
1297 4148 1416 4211 aucta.

584 4262 624 4333 C.
674 4260 820 4334 Folium
846 4262 1095 4356 magnitudine
1121 4263 1294 4338 naturali.

628 4409 664 4456 u.
714 4384 816 4477 Flos,
843 4385 1096 4481 magnitudine
1111 4386 1226 4457 'aucta

582 4524 584 4529 ’
629 4506 663 4577 b.
715 4508 840 4597 ldem,
867 4506 982 4601 magia
1007 4530 1188 4603 expansus
1213 4506 1435 4605 fortiterque
1461 4520 1598 4581 auctus.

501 4689 514 4717 ,
631 4660 663 4705 c.
713 4632 1146 4729 Lacinia·autlterigera,
1174 4648 1282 4707 aucta
1305 4635 1568 4729 magnitudino.

629 4760 665 4829 d.
717 4757 884 4831 bnthern
908 4762 1002 4830 cum'
1017 4766 1159 4852 uerv'o,
1186 4762 1248 4832 cui
1271 4760 1457 4852 inhaeret,
1484 4754 1733 4853 magnitudine
1748 4764 1878 4842 aucta.

630 4906 664 4949 a.
713 4880 895 4953 l’istillum
906 4934 918 4973 ,
943 4882 1196 4976 magnitudine
1220 4895 1379 4955 auctum.

618 5006 657 5095 s.
708 5002 874 5079 Garmen
886 5056 898 5097 ,
926 5007 1164 5087 muttersim
1189 5001 1452 5082 disserturum
1480 4996 1588 5081 valde
1615 5017 1773 5083 auctum.
