4692 6142
555 661 560 676 ρ
580 589 652 644 mv

575 809 724 872 nerunt.
776 793 912 868 Multas
935 793 994 864 his
1019 781 1180 886 quinque
1206 789 1335 861 diebus
1358 786 1541 882 'collegere
1564 787 1732 882 plantas,
1760 811 1849 883 quas
1871 787 2078 863 CCXXIV
2092 813 2192 883 spe-

577 933 651 1002 cies
688 930 799 1002 fuisse
833 927 1062 1012 retulerunt,
1106 924 1254 995 tametsi
1289 924 1393 1016 regio
1426 923 1518 992 haec
1550 923 1758 1016 plantarum
1792 924 1943 992 minime
1968 923 2079 994 ferax
2103 921 2188 992 ha-

580 1067 722 1136 beatur.
795 1059 895 1128 'I’um
944 1061 1112 1150 gnaviter
1152 1068 1299 1150 quoque
1343 1056 1609 1149 inuestigarere
1643 1057 1850 1150 plantarum
1898 1079 1968 1150 per
2009 1057 2192 1129 diversas

576 1196 758 1266 montium
776 1190 995 1308 ,altitudines
1021 1187 1343 1278 distributionem,
1385 1211 1505 1282 neque
1531 1189 1733 1282 geologicas
1758 1189 1897 1262 insulae
1922 1189 2088 1259 rationes
2111 1211 2190 1260 ne-

463 1309 467 1317 *
577 1328 781 1424 glexerunt.
833 1324 1000 1415 Regnum
1026 1294 1182 1394 animale
1213 1322 1432 1415 praesertim
1464 1322 1601 1390 insecta
1625 1322 1799 1415 praebuit
1821 1323 2096 1415 quaerentibus,
2127 1322 2191 1389 al·

508 1449 512 1456 ’
576 1459 717 1546 tiorum
741 1451 838 1528 enitn
863 1477 1065 1550 corporum
1091 1455 1341 1548 plurimorum
1366 1455 1508 1548 indiget
1530 1455 1623 1525 haeo
1647 1466 1760 1526 terra.

671 1621 886 1695 Mammulia
917 1621 1020 1690 nulla
1050 1621 1300 1709 invenerunt,
1347 1621 1414 1692 sed
1446 1621 1569 1692 avium
1594 1645 1727 1692 novum
1754 1605 1926 1713 speciem,
1964 1620 2185 1716 Fringillae
2283 1668 2284 1703 2

578 1759 712 1836 caelibi
735 1721 952 1852 cognatam,
987 1755 1143 1825 Kuhlius
1172 1755 1283 1848 cepit.
1330 1753 1455 1826 Porro
1490 1753 1604 1824 multa
1636 1755 1783 1848 quidem
1811 1757 1958 1877 reperit,
1972 1756 2187 1850 amphibia,

576 1894 645 1965 sed
677 1915 720 1960 ea
752 1899 883 1959 cuncta
908 1889 953 1957 ed
979 1888 1067 1957 duas
1092 1885 1273 1968 Lacertae
1296 1887 1442 1980 generis
1466 1887 1604 1979 species
1629 1885 1872 1988 pertinentia,
1912 1891 2028 1981 pisces
2060 1888 2182 1958 etiam

578 2023 783 2123 permultos
818 2045 1002 2112 numero,
1029 2045 1096 2090 sex
1131 2043 1224 2096 vero
1255 2042 1432 2113 generum
1463 2042 1591 2090 onmes
1603 2045 1615 2110 3
1649 2043 1768 2114 neque
1796 2019 1863 2092 ulli
1892 2021 1931 2092 in
1965 2021 2069 2116 aquia
2098 2017 2181 2088 dul·

582 2159 684 2227 cibus
709 2153 851 2228 inventi
875 2165 960 2224 sunt
984 2155 1111 2249 pisces.

679 2321 825 2392 Rusca
862 2318 919 2389 111
949 2302 1104 2412 Augaia
1138 2342 1170 2390 a.
1206 2317 1466 2389 Mucccxx
1503 2317 2180 2416 Mau01r21n2u2,pesmanatrs

454 2515 463 2528 ,
513 2515 517 2522 .
576 2457 745 2551 picorum
785 2452 1040 2554 navigantibus
1065 2475 1179 2544 saepe
1203 2461 1261 2522 tot
1285 2453 1330 2522 iis
1356 2451 1610 2524 memorabilia
1634 2475 1708 2524 uua
1732 2452 1792 2524 die
1815 2477 1855 2524 se
1881 2454 2097 2525 obtuleruut
2121 2456 2181 2522 in-

579 2589 783 2704 quirendo,
814 2597 856 2656 ut
883 2586 929 2655 ob
958 2584 1230 2656 multitudinem
1257 2586 1381 2655 omnia
1407 2585 1599 2658 absolvere
1622 2607 1777 2680 prorsus
1802 2607 1878 2655 non
1902 2598 2060 2680 possent

581 2759 584 2774 ·
676 2717 810 2812 Magna
841 2719 1059 2812 praesertim
1090 2717 1288 2790 multitudo
1325 2719 1547 2790 occurrebat
1579 2719 1876 2792 memorabilium
1913 2733 1952 2792 et
1984 2743 2032 2790 ex
2052 2717 2179 2816 {parte

584 2872 770 2925 novorum
802 2849 1094 2939 Molluscorum,
1132 2848 1487 2924 Echinodermatum
1518 2864 1628 2946 atque
1653 2851 1929 2947 Entozoorum,
1955 2864 2035 2926 tum
2059 2855 2179 2924 multa

584 3007 731 3078 quoque
757 2995 795 3054 et
823 2984 949 3076 grevia
975 2983 1316 3070 animaduerterunt
1343 2987 1389 3056 de
1422 2984 1718 3058 conformatione
1739 2986 1975 3082 ¹diversorum
2000 2984 2178 3080 Piscium,

587 3115 858 3188 Mulluscorum
886 3126 994 3208 utque
1018 3115 1292 3188 'Radiariorum

678 3281 791 3352 Nono
822 3278 995 3351 Octobris
1030 3283 1089 3352 die
1123 3294 1372 3375 pervenerunt
1389 3284 1453 3389 ¹ed
1478 3283 1779 3355 Promontorium
1804 3284 1925 3355 bonae
1949 3284 2027 3377 spei
2051 3284 2178 3377 ibique

576 3411 778 3502 ,duodecim
815 3413 892 3482 dies
927 3405 1163 3505 commorati,
1202 3440 1225 3484 a
1255 3417 1376 3509 prima
1405 3416 1489 3488 luce
1521 3417 1570 3485 ud
1602 3417 1756 3488 multam
1781 3439 1970 3512 vesperam
1993 3418 2034 3486 in
2062 3441 2178 3488 mon·

582 3545 682 3618 tibus
704 3556 767 3614 aut
805 3546 846 3654 iu
869 3545 996 3616 littore
1029 3547 1167 3622 uersati
1204 3561 1315 3638 sunt,
1351 3573 1427 3643 quo
1461 3571 1588 3620 rerum
1623 3515 1863 3640 naturalium,
1897 3552 1944 3621 ab
1982 3550 2029 3620 iis
2061 3549 2176 3620 colle·

581 3691 749 3766 starum,
795 3699 947 3750 acervus
996 3693 1069 3750 turn
1115 3681 1196 3752 cilo.
1238 3681 1417 3772 increvit,
1468 3693 1508 3752 ut
1553 3681 1694 3754 dolium
1732 3681 1894 3776 amplum
1937 3683 2052 3754 totius
2101 3706 2178 3752 am·

577 3807 718 3906 pharae
746 3834 929 3882 mensura
962 3813 1008 3882 iis
1041 3811 1240 3913 replerent.
1292 3815 1537 3888 Diversarum
1561 3818 1687 3886 urium
1717 3813 1855 3907 pelles,
1891 3813 2091 3886 artificiose
2128 3817 2177 3884 ad

582 3938 846 4014 ellarciendum
871 3954 1028 4035 paratus,
1054 3969 1178 4018 secum
1197 3961 1457 4042 asportarunt,
1482 3949 1548 4020 sed
1566 3949 1745 4020 maiorem
1765 3949 1878 4019 etium
1892 3949 2014 4022 arium
2032 3959 2178 4043 partem
2282 3953 2284 3999 ῑ

536 4073 538 4078 ’
577 4073 753 4163 integras,
781 4094 936 4165 quarum
955 4075 1090 4146 sceleta
1107 4080 1348 4171 conficerent,
1375 4093 1699 4154 conservaverunt.
1750 4081 1851 4154 Tum
1870 4082 2006 4152 scelele
2029 4105 2176 4177 quoque

577 4225 757 4296 paravere
795 4203 1039 4278 Viu‘errae
1065 4211 1297 4293 Genettae
1323 4226 1361 4286 et
1385 4193 1818 4309 Chryso-chlorid'is
1841 4216 2074 4310 ca'pensis.

680 4367 800 4439 Multa
825 4373 975 4466 insuper
1001 4373 1212 4472 Amphibia,
1239 4380 1386 4472 Pisces,
1413 4381 1609 4473 Mullusca,
1638 4383 1853 4474 Crustacea,
1881 4383 2071 4471 Radiaria,
2105 4380 2179 4451 Fu·

578 4521 784 4600 eorumque
809 4510 946 4602 species
973 4512 1097 4606 plures
1115 4514 1153 4584 in
1179 4515 1260 4585 sinu
1287 4514 1469 4587 Montis
1494 4517 1731 4588 tabularis
1758 4528 1796 4589 et
1817 4518 1854 4586 in
1871 4513 2056 4604 Houtbay
2076 4515 2174 4585 disto

426 4709 431 4716 ,
533 4630 546 4730 J
580 4634 823 4728 collegerunt.

676 4765 884 4845 Numerum
909 4775 1137 4869 plantarum,
1179 4805 1268 4878 quas
1293 4784 1332 4853 in
1358 4785 1622 4857 Promontorio
1648 4785 1682 4856 b.
1708 4785 1770 4878 Sp.
1797 4782 2050 4882 contulerant,
2090 4803 2174 4849 cum

579 4897 666 4967 inde
701 4885 943 4998 discederent,
983 4913 1147 4984 nondum
1174 4915 1320 4996 referre
1345 4930 1548 5015 posuerunt
1562 4971 1573 5007 ,
1609 4921 1834 5014 scripserunt
1859 4928 2002 5009 tamen,
2041 4915 2172 4985 admo·

579 5031 671 5102 dum
710 5055 877 5128 magnum
916 5040 1050 5138 tuisse,
1095 5070 1179 5118 cum
1223 5062 1431 5149 opportuno
1471 5063 1637 5147 tempore
1672 5052 1761 5123 illuc
1794 5051 1987 5124 venissent.
2048 5046 2170 5118 Etiam
