<?xml version="1.0" encoding="UTF-8"?>
<!DOCTYPE html PUBLIC "-//W3C//DTD XHTML 1.0 Transitional//EN"
    "http://www.w3.org/TR/xhtml1/DTD/xhtml1-transitional.dtd">
<html xmlns="http://www.w3.org/1999/xhtml" xml:lang="en" lang="en">
 <head>
  <title>
</title>
<meta http-equiv="Content-Type" content="text/html;charset=utf-8" />
  <meta name='ocr-system' content='tesseract 3.04.00' />
  <meta name='ocr-capabilities' content='ocr_page ocr_carea ocr_par ocr_line ocrx_word'/>
</head>
<body>
  <div class='ocr_page' id='page_1' title='image "./novaactaphysico03curigoog/novaactaphysico03curigoog_0248.png"; bbox 0 0 4692 6142; ppageno 0'>
   <div class='ocr_carea' id='block_1_1' title="bbox 400 910 422 955">
    <p class='ocr_par' dir='ltr' id='par_1_1' title="bbox 400 910 422 955">
     <span class='ocr_line' id='line_1_1' title="bbox 400 910 422 955; baseline 0 0"><span class='ocrx_word' id='word_1_1' title='bbox 400 910 422 955; x_wconf 66' lang='grc' dir='ltr'><strong><em>Ι</em></strong></span> 
     </span>
    </p>
   </div>
   <div class='ocr_carea' id='block_1_2' title="bbox 537 600 1608 723">
    <p class='ocr_par' dir='ltr' id='par_1_2' title="bbox 537 600 1608 723">
     <span class='ocr_line' id='line_1_2' title="bbox 537 600 1608 723; baseline 0.004 -44"><span class='ocrx_word' id='word_1_2' title='bbox 537 600 612 679; x_wconf 79' lang='lat' dir='ltr'><strong>tas</strong></span> <span class='ocrx_word' id='word_1_3' title='bbox 839 632 841 639; x_wconf 50' lang='lat'><strong>¹</strong></span> <span class='ocrx_word' id='word_1_4' title='bbox 1008 718 1012 723; x_wconf 83' lang='lat'><strong>.</strong></span> <span class='ocrx_word' id='word_1_5' title='bbox 1115 606 1158 677; x_wconf 83' lang='lat'><strong>0.</strong></span> <span class='ocrx_word' id='word_1_6' title='bbox 1208 606 1608 702; x_wconf 78' lang='lat' dir='ltr'><strong>F.‘B1.rrue,&#39;</strong></span> 
     </span>
    </p>
   </div>
   <div class='ocr_carea' id='block_1_3' title="bbox 658 780 2135 919">
    <p class='ocr_par' dir='ltr' id='par_1_3' title="bbox 658 780 2135 919">
     <span class='ocr_line' id='line_1_3' title="bbox 658 780 2135 919; baseline -0.012 -31"><span class='ocrx_word' id='word_1_7' title='bbox 658 794 692 881; x_wconf 92' lang='grc' dir='ltr'><strong>Ι.</strong></span> <span class='ocrx_word' id='word_1_8' title='bbox 738 780 1015 915; x_wconf 79' lang='lat' dir='ltr'><strong>(exstipulata</strong></span> <span class='ocrx_word' id='word_1_9' title='bbox 1057 800 1319 914; x_wconf 82' lang='lat' dir='ltr'><strong>articulata)</strong></span> <span class='ocrx_word' id='word_1_10' title='bbox 1357 804 1483 890; x_wconf 90' lang='lat' dir='ltr'><strong>caule</strong></span> <span class='ocrx_word' id='word_1_11' title='bbox 1513 814 1731 919; x_wconf 87' lang='lat' dir='ltr'><strong>prostrato</strong></span> <span class='ocrx_word' id='word_1_12' title='bbox 1768 834 1964 907; x_wconf 85' lang='lat' dir='ltr'><strong>ramoso,</strong></span> <span class='ocrx_word' id='word_1_13' title='bbox 2013 788 2135 877; x_wconf 84' lang='lat' dir='ltr'><strong>loliis</strong></span> 
     </span>
    </p>
   </div>
   <div class='ocr_carea' id='block_1_4' title="bbox 514 936 2135 1056">
    <p class='ocr_par' dir='ltr' id='par_1_4' title="bbox 514 936 2135 1056">
     <span class='ocr_line' id='line_1_4' title="bbox 514 936 2135 1056; baseline 0.001 -30"><span class='ocrx_word' id='word_1_14' title='bbox 514 936 712 1041; x_wconf 76' lang='lat' dir='ltr'><strong>bisatiis</strong></span> <span class='ocrx_word' id='word_1_15' title='bbox 744 965 861 1029; x_wconf 89' lang='lat' dir='ltr'><strong>arcte</strong></span> <span class='ocrx_word' id='word_1_16' title='bbox 886 967 1129 1031; x_wconf 82' lang='lat' dir='ltr'><strong>retrorsum</strong></span> <span class='ocrx_word' id='word_1_17' title='bbox 1157 943 1401 1030; x_wconf 84' lang='lat' dir='ltr'><strong>imbricatis</strong></span> <span class='ocrx_word' id='word_1_18' title='bbox 1427 942 1976 1056; x_wconf 54' lang='lat' dir='ltr'><strong>oblongo-&#39;ensiformibus</strong></span> <span class='ocrx_word' id='word_1_19' title='bbox 2013 945 2135 1052; x_wconf 85' lang='lat' dir='ltr'><strong>apice</strong></span> 
     </span>
    </p>
   </div>
   <div class='ocr_carea' id='block_1_5' title="bbox 541 1072 2220 1199">
    <p class='ocr_par' dir='ltr' id='par_1_5' title="bbox 541 1072 2220 1199">
     <span class='ocr_line' id='line_1_5' title="bbox 541 1072 2220 1199; baseline 0.001 -32"><span class='ocrx_word' id='word_1_20' title='bbox 541 1081 721 1169; x_wconf 86' lang='lat' dir='ltr'><strong>serratis</strong></span> <span class='ocrx_word' id='word_1_21' title='bbox 757 1080 890 1169; x_wconf 84' lang='lat' dir='ltr'><strong>dors&#39;o</strong></span> <span class='ocrx_word' id='word_1_22' title='bbox 918 1086 1197 1191; x_wconf 87' lang='lat' dir='ltr'><strong>auriculatis,</strong></span> <span class='ocrx_word' id='word_1_23' title='bbox 1232 1072 1430 1172; x_wconf 76' lang='lat' dir='ltr'><strong>auricula</strong></span> <span class='ocrx_word' id='word_1_24' title='bbox 1463 1112 1660 1172; x_wconf 88' lang='lat' dir='ltr'><strong>truncata</strong></span> <span class='ocrx_word' id='word_1_25' title='bbox 1696 1090 1978 1199; x_wconf 89' lang='lat' dir='ltr'><strong>integerrima</strong></span> <span class='ocrx_word' id='word_1_26' title='bbox 2022 1084 2140 1171; x_wconf 86' lang='lat' dir='ltr'><strong>folii·</strong></span> <span class='ocrx_word' id='word_1_27' title='bbox 2206 1102 2220 1124; x_wconf 80' lang='grc'><strong><em>’</em></strong></span> 
     </span>
    </p>
   </div>
   <div class='ocr_carea' id='block_1_6' title="bbox 444 1226 1833 1345">
    <p class='ocr_par' dir='ltr' id='par_1_6' title="bbox 444 1226 1833 1345">
     <span class='ocr_line' id='line_1_6' title="bbox 444 1226 1833 1345; baseline 0.001 -33"><span class='ocrx_word' id='word_1_28' title='bbox 444 1251 449 1261; x_wconf 72' lang='grc'><strong>“</strong></span> <span class='ocrx_word' id='word_1_29' title='bbox 541 1257 679 1343; x_wconf 86' lang='lat' dir='ltr'><strong>gena,</strong></span> <span class='ocrx_word' id='word_1_30' title='bbox 709 1226 858 1340; x_wconf 83' lang='lat' dir='ltr'><strong>(dorso</strong></span> <span class='ocrx_word' id='word_1_31' title='bbox 879 1228 976 1316; x_wconf 88' lang='lat' dir='ltr'><strong>solii</strong></span> <span class='ocrx_word' id='word_1_32' title='bbox 1004 1260 1081 1316; x_wconf 91' lang='lat' dir='ltr'><strong>seu</strong></span> <span class='ocrx_word' id='word_1_33' title='bbox 1106 1228 1199 1315; x_wconf 89' lang='lat' dir='ltr'><strong>lobi</strong></span> <span class='ocrx_word' id='word_1_34' title='bbox 1230 1232 1409 1315; x_wconf 87' lang='lat' dir='ltr'><strong>maior-is</strong></span> <span class='ocrx_word' id='word_1_35' title='bbox 1436 1232 1639 1345; x_wconf 89' lang='lat' dir='ltr'><strong>imposita</strong></span> <span class='ocrx_word' id='word_1_36' title='bbox 1666 1230 1833 1339; x_wconf 80' lang='lat' dir='ltr'><strong>Hook.)</strong></span> 
     </span>
    </p>
   </div>
   <div class='ocr_carea' id='block_1_7' title="bbox 499 1379 2142 1667">
    <p class='ocr_par' dir='ltr' id='par_1_7' title="bbox 499 1379 2142 1667">
     <span class='ocr_line' id='line_1_7' title="bbox 499 1379 2142 1519; baseline 0 -31"><span class='ocrx_word' id='word_1_37' title='bbox 499 1429 502 1439; x_wconf 68' lang='lat'><strong><em>‘</em></strong></span> <span class='ocrx_word' id='word_1_38' title='bbox 561 1379 565 1394; x_wconf 32' lang='lat'><strong><em>¹</em></strong></span> <span class='ocrx_word' id='word_1_39' title='bbox 662 1392 869 1490; x_wconf 79' lang='lat' dir='ltr'><strong>Descr.</strong></span> <span class='ocrx_word' id='word_1_40' title='bbox 917 1405 1161 1519; x_wconf 84' lang='lat' dir='ltr'><strong>Singularis</strong></span> <span class='ocrx_word' id='word_1_41' title='bbox 1208 1407 1324 1493; x_wconf 88' lang='lat' dir='ltr'><strong>inter</strong></span> <span class='ocrx_word' id='word_1_42' title='bbox 1365 1397 1629 1517; x_wconf 70' lang='lat' dir='ltr'><strong>congereres</strong></span> <span class='ocrx_word' id='word_1_43' title='bbox 1679 1430 1927 1491; x_wconf 83' lang='lat' dir='ltr'><strong>structurae</strong></span> <span class='ocrx_word' id='word_1_44' title='bbox 1973 1405 2142 1519; x_wconf 86' lang='lat' dir='ltr'><strong>planta,</strong></span> 
     </span>
     <span class='ocr_line' id='line_1_8' title="bbox 546 1536 1193 1667; baseline 0.003 -36"><span class='ocrx_word' id='word_1_45' title='bbox 546 1545 939 1667; x_wconf 83' lang='lat' dir='ltr'><strong>magnitudineque</strong></span> <span class='ocrx_word' id='word_1_46' title='bbox 971 1550 1164 1663; x_wconf 88' lang='lat' dir='ltr'><strong>insignis.</strong></span> <span class='ocrx_word' id='word_1_47' title='bbox 1186 1536 1193 1545; x_wconf 61' lang='grc'><em>’</em></span> 
     </span>
    </p>
   </div>
   <div class='ocr_carea' id='block_1_8' title="bbox 547 1719 2148 2407">
    <p class='ocr_par' dir='ltr' id='par_1_8' title="bbox 547 1719 2148 2407">
     <span class='ocr_line' id='line_1_9' title="bbox 668 1719 2147 1841; baseline -0.001 -32"><span class='ocrx_word' id='word_1_48' title='bbox 668 1722 820 1809; x_wconf 91' lang='lat' dir='ltr'><strong>Caulis</strong></span> <span class='ocrx_word' id='word_1_49' title='bbox 864 1722 979 1826; x_wconf 66' lang='grc' dir='ltr'><strong>[μὸ</strong></span> <span class='ocrx_word' id='word_1_50' title='bbox 1021 1724 1208 1841; x_wconf 85' lang='lat' dir='ltr'><strong>pollices</strong></span> <span class='ocrx_word' id='word_1_51' title='bbox 1253 1724 1431 1837; x_wconf 86' lang='lat' dir='ltr'><strong>longus,</strong></span> <span class='ocrx_word' id='word_1_52' title='bbox 1477 1721 1572 1809; x_wconf 89' lang='lat' dir='ltr'><strong>basi</strong></span> <span class='ocrx_word' id='word_1_53' title='bbox 1615 1719 1807 1830; x_wconf 74' lang='lat' dir='ltr'><strong>diuisus,</strong></span> <span class='ocrx_word' id='word_1_54' title='bbox 1860 1723 2147 1825; x_wconf 84' lang='lat' dir='ltr'><strong>divaricatus,</strong></span> 
     </span>
     <span class='ocr_line' id='line_1_10' title="bbox 547 1862 2147 1991; baseline -0.001 -40"><span class='ocrx_word' id='word_1_55' title='bbox 547 1862 776 1953; x_wconf 87' lang='lat' dir='ltr'><strong>subnudus</strong></span> <span class='ocrx_word' id='word_1_56' title='bbox 804 1862 1101 1982; x_wconf 87' lang='lat' dir='ltr'><strong>radiculisque</strong></span> <span class='ocrx_word' id='word_1_57' title='bbox 1131 1889 1226 1952; x_wconf 90' lang='lat' dir='ltr'><strong>atro</strong></span> <span class='ocrx_word' id='word_1_58' title='bbox 1246 1864 1419 1991; x_wconf 34' lang='lat' dir='ltr'><strong>-xfuscis</strong></span> <span class='ocrx_word' id='word_1_59' title='bbox 1445 1864 1648 1953; x_wconf 89' lang='lat' dir='ltr'><strong>nitidulis</strong></span> <span class='ocrx_word' id='word_1_60' title='bbox 1675 1866 1930 1983; x_wconf 84' lang='lat' dir='ltr'><strong>praeditus,</strong></span> <span class='ocrx_word' id='word_1_61' title='bbox 1956 1898 2147 1985; x_wconf 85' lang='lat' dir='ltr'><strong>superne</strong></span> 
     </span>
     <span class='ocr_line' id='line_1_11' title="bbox 548 1996 2140 2123; baseline 0.004 -32"><span class='ocrx_word' id='word_1_62' title='bbox 548 1996 857 2091; x_wconf 85' lang='lat' dir='ltr'><strong>tantummodo</strong></span> <span class='ocrx_word' id='word_1_63' title='bbox 896 2005 1191 2119; x_wconf 86' lang='lat' dir='ltr'><strong>procumbens</strong></span> <span class='ocrx_word' id='word_1_64' title='bbox 1223 2029 1268 2094; x_wconf 89' lang='lat' dir='ltr'><strong>et</strong></span> <span class='ocrx_word' id='word_1_65' title='bbox 1293 2007 1463 2112; x_wconf 88' lang='lat' dir='ltr'><strong>nudus,</strong></span> <span class='ocrx_word' id='word_1_66' title='bbox 1495 2010 1910 2123; x_wconf 89' lang='lat' dir='ltr'><strong>compressiusculus</strong></span> <span class='ocrx_word' id='word_1_67' title='bbox 1933 2073 1947 2117; x_wconf 90' lang='lat'>‚</span> <span class='ocrx_word' id='word_1_68' title='bbox 1968 2011 2140 2123; x_wconf 86' lang='lat' dir='ltr'><strong>glaber,</strong></span> 
     </span>
     <span class='ocr_line' id='line_1_12' title="bbox 548 2145 2148 2267; baseline -0.001 -30"><span class='ocrx_word' id='word_1_69' title='bbox 548 2150 797 2253; x_wconf 82' lang='lat' dir='ltr'><strong>virescens,</strong></span> <span class='ocrx_word' id='word_1_70' title='bbox 832 2145 964 2235; x_wconf 91' lang='lat' dir='ltr'><strong>dense</strong></span> <span class='ocrx_word' id='word_1_71' title='bbox 996 2148 1194 2235; x_wconf 84' lang='lat' dir='ltr'><strong>foliosus.</strong></span> <span class='ocrx_word' id='word_1_72' title='bbox 1256 2150 1383 2235; x_wconf 87' lang='lat' dir='ltr'><strong>Folia</strong></span> <span class='ocrx_word' id='word_1_73' title='bbox 1413 2147 1729 2255; x_wconf 85' lang='lat' dir='ltr'><strong>horizontalia,</strong></span> <span class='ocrx_word' id='word_1_74' title='bbox 1771 2152 1933 2267; x_wconf 86' lang='lat' dir='ltr'><strong>plana,</strong></span> <span class='ocrx_word' id='word_1_75' title='bbox 1986 2176 2148 2239; x_wconf 88' lang='lat' dir='ltr'><strong>retror-</strong></span> 
     </span>
     <span class='ocr_line' id='line_1_13' title="bbox 551 2273 2148 2407; baseline 0.003 -34"><span class='ocrx_word' id='word_1_76' title='bbox 551 2316 648 2375; x_wconf 87' lang='lat' dir='ltr'><strong>sum</strong></span> <span class='ocrx_word' id='word_1_77' title='bbox 666 2285 912 2373; x_wconf 72' lang='lat' dir='ltr'><strong>imbricata</strong></span> <span class='ocrx_word' id='word_1_78' title='bbox 942 2287 1118 2407; x_wconf 90' lang='lat' dir='ltr'><strong>sibique</strong></span> <span class='ocrx_word' id='word_1_79' title='bbox 1146 2290 1404 2375; x_wconf 87' lang='lat' dir='ltr'><strong>densissime</strong></span> <span class='ocrx_word' id='word_1_80' title='bbox 1431 2273 1760 2392; x_wconf 86' lang='lat' dir='ltr'><strong>incumbentia,</strong></span> <span class='ocrx_word' id='word_1_81' title='bbox 1794 2274 2148 2407; x_wconf 55' lang='lat' dir='ltr'><strong>amplexicaulia&#39;,</strong></span> 
     </span>
    </p>
   </div>
   <div class='ocr_carea' id='block_1_9' title="bbox 539 2428 2150 2547">
    <p class='ocr_par' dir='ltr' id='par_1_9' title="bbox 539 2428 2150 2547">
     <span class='ocr_line' id='line_1_14' title="bbox 539 2428 2150 2547; baseline 0.002 -32"><span class='ocrx_word' id='word_1_82' title='bbox 539 2428 1079 2543; x_wconf 68' lang='lat' dir='ltr'><strong>‘oblongo-ensiformia,</strong></span> <span class='ocrx_word' id='word_1_83' title='bbox 1118 2433 1147 2533; x_wconf 74' lang='lat' dir='ltr'><strong>d</strong></span> <span class='ocrx_word' id='word_1_84' title='bbox 1187 2433 1323 2518; x_wconf 88' lang='lat' dir='ltr'><strong>lineas</strong></span> <span class='ocrx_word' id='word_1_85' title='bbox 1359 2432 1517 2543; x_wconf 88' lang='lat' dir='ltr'><strong>longa,</strong></span> <span class='ocrx_word' id='word_1_86' title='bbox 1558 2434 1681 2547; x_wconf 91' lang='lat' dir='ltr'><strong>apice</strong></span> <span class='ocrx_word' id='word_1_87' title='bbox 1723 2434 1877 2519; x_wconf 88' lang='lat' dir='ltr'><strong>obtusa</strong></span> <span class='ocrx_word' id='word_1_88' title='bbox 1916 2456 1960 2522; x_wconf 91' lang='lat' dir='ltr'><strong>et</strong></span> <span class='ocrx_word' id='word_1_89' title='bbox 2004 2441 2150 2520; x_wconf 86' lang='lat' dir='ltr'><strong>eroso&#39;·</strong></span> 
     </span>
    </p>
   </div>
   <div class='ocr_carea' id='block_1_10' title="bbox 551 2570 2147 2693">
    <p class='ocr_par' dir='ltr' id='par_1_10' title="bbox 551 2570 2147 2693">
     <span class='ocr_line' id='line_1_15' title="bbox 551 2570 2147 2693; baseline 0.003 -34"><span class='ocrx_word' id='word_1_90' title='bbox 551 2570 754 2680; x_wconf 84' lang='lat' dir='ltr'><strong>dentata,</strong></span> <span class='ocrx_word' id='word_1_91' title='bbox 782 2576 978 2687; x_wconf 90' lang='lat' dir='ltr'><strong>margine</strong></span> <span class='ocrx_word' id='word_1_92' title='bbox 1012 2574 1184 2690; x_wconf 87' lang='lat' dir='ltr'><strong>apicem</strong></span> <span class='ocrx_word' id='word_1_93' title='bbox 1210 2604 1360 2659; x_wconf 86' lang='lat' dir='ltr'><strong>versus</strong></span> <span class='ocrx_word' id='word_1_94' title='bbox 1390 2599 1540 2685; x_wconf 88' lang='lat' dir='ltr'><strong>argute</strong></span> <span class='ocrx_word' id='word_1_95' title='bbox 1572 2598 1617 2659; x_wconf 91' lang='lat' dir='ltr'><strong>et</strong></span> <span class='ocrx_word' id='word_1_96' title='bbox 1647 2576 1941 2693; x_wconf 85' lang='lat' dir='ltr'><strong>inaequaliter</strong></span> <span class='ocrx_word' id='word_1_97' title='bbox 1966 2602 2147 2684; x_wconf 87' lang='lat' dir='ltr'><strong>serrata,</strong></span> 
     </span>
    </p>
   </div>
   <div class='ocr_carea' id='block_1_11' title="bbox 458 2710 2150 2853">
    <p class='ocr_par' dir='ltr' id='par_1_11' title="bbox 458 2710 2150 2853">
     <span class='ocr_line' id='line_1_16' title="bbox 458 2710 2150 2853; baseline 0.008 -59"><span class='ocrx_word' id='word_1_98' title='bbox 458 2796 470 2810; x_wconf 69' lang='lat'><strong>.</strong></span> <span class='ocrx_word' id='word_1_99' title='bbox 549 2710 718 2853; x_wconf 86' lang='lat' dir='ltr'><strong>pallide</strong></span> <span class='ocrx_word' id='word_1_100' title='bbox 752 2712 976 2824; x_wconf 81' lang='lat' dir='ltr'><strong>viridia,</strong></span> <span class='ocrx_word' id='word_1_101' title='bbox 978 2714 1071 2800; x_wconf 91' lang='lat' dir='ltr'><strong>basi</strong></span> <span class='ocrx_word' id='word_1_102' title='bbox 1108 2712 1369 2828; x_wconf 89' lang='lat' dir='ltr'><strong>complicata</strong></span> <span class='ocrx_word' id='word_1_103' title='bbox 1401 2741 1447 2801; x_wconf 92' lang='lat' dir='ltr'><strong>et</strong></span> <span class='ocrx_word' id='word_1_104' title='bbox 1476 2717 1626 2801; x_wconf 89' lang='lat' dir='ltr'><strong>alato·</strong></span> <span class='ocrx_word' id='word_1_105' title='bbox 1652 2719 1846 2806; x_wconf 88' lang='lat' dir='ltr'><strong>carinata</strong></span> <span class='ocrx_word' id='word_1_106' title='bbox 1891 2722 2150 2841; x_wconf 88' lang='lat' dir='ltr'><strong>(inaequali-</strong></span> 
     </span>
    </p>
   </div>
   <div class='ocr_carea' id='block_1_12' title="bbox 551 2850 2166 3830">
    <p class='ocr_par' dir='ltr' id='par_1_12' title="bbox 551 2850 2166 3830">
     <span class='ocr_line' id='line_1_17' title="bbox 551 2850 2147 2978; baseline 0.008 -40"><span class='ocrx_word' id='word_1_107' title='bbox 551 2874 619 2938; x_wconf 87' lang='lat' dir='ltr'><strong>ter</strong></span> <span class='ocrx_word' id='word_1_108' title='bbox 643 2850 1004 2963; x_wconf 82' lang='lat' dir='ltr'><strong>biloba·.;.lloolr)</strong></span> <span class='ocrx_word' id='word_1_109' title='bbox 1028 2854 1228 2940; x_wconf 89' lang='lat' dir='ltr'><strong>auricula</strong></span> <span class='ocrx_word' id='word_1_110' title='bbox 1251 2856 1422 2946; x_wconf 87' lang='lat' dir='ltr'><strong>scilicet</strong></span> <span class='ocrx_word' id='word_1_111' title='bbox 1448 2864 1543 2972; x_wconf 91' lang='lat' dir='ltr'><strong>(seu</strong></span> <span class='ocrx_word' id='word_1_112' title='bbox 1566 2856 1688 2978; x_wconf 88' lang='lat' dir='ltr'><strong>lobo)</strong></span> <span class='ocrx_word' id='word_1_113' title='bbox 1715 2860 1928 2949; x_wconf 86' lang='lat' dir='ltr'><strong>dimidiae</strong></span> <span class='ocrx_word' id='word_1_114' title='bbox 1956 2863 2147 2977; x_wconf 91' lang='lat' dir='ltr'><strong>longitu-</strong></span> 
     </span>
     <span class='ocr_line' id='line_1_18' title="bbox 553 2990 2150 3119; baseline 0.008 -40"><span class='ocrx_word' id='word_1_115' title='bbox 553 2990 671 3079; x_wconf 90' lang='lat' dir='ltr'><strong>dinis</strong></span> <span class='ocrx_word' id='word_1_116' title='bbox 706 2993 989 3082; x_wconf 89' lang='lat' dir='ltr'><strong>incumbente</strong></span> <span class='ocrx_word' id='word_1_117' title='bbox 1023 2996 1157 3080; x_wconf 86' lang='lat' dir='ltr'><strong>dorso</strong></span> <span class='ocrx_word' id='word_1_118' title='bbox 1189 2996 1288 3081; x_wconf 86' lang='lat' dir='ltr'><strong>lolii</strong></span> <span class='ocrx_word' id='word_1_119' title='bbox 1322 2999 1505 3118; x_wconf 91' lang='lat' dir='ltr'><strong>oblique</strong></span> <span class='ocrx_word' id='word_1_120' title='bbox 1536 2999 1695 3089; x_wconf 89' lang='lat' dir='ltr'><strong>adnata</strong></span> <span class='ocrx_word' id='word_1_121' title='bbox 1721 3006 1844 3119; x_wconf 86' lang='lat' dir='ltr'><strong>apice</strong></span> <span class='ocrx_word' id='word_1_122' title='bbox 1876 3029 2074 3091; x_wconf 89' lang='lat' dir='ltr'><strong>truncata</strong></span> <span class='ocrx_word' id='word_1_123' title='bbox 2105 3031 2150 3092; x_wconf 89' lang='lat' dir='ltr'><strong>et</strong></span> 
     </span>
     <span class='ocr_line' id='line_1_19' title="bbox 554 3134 2147 3261; baseline 0.009 -41"><span class='ocrx_word' id='word_1_124' title='bbox 554 3134 604 3220; x_wconf 88' lang='lat' dir='ltr'><strong>in</strong></span> <span class='ocrx_word' id='word_1_125' title='bbox 661 3136 870 3247; x_wconf 89' lang='lat' dir='ltr'><strong>angulum</strong></span> <span class='ocrx_word' id='word_1_126' title='bbox 929 3136 1208 3252; x_wconf 90' lang='lat' dir='ltr'><strong>superiorem</strong></span> <span class='ocrx_word' id='word_1_127' title='bbox 1264 3141 1563 3239; x_wconf 82' lang='lat' dir='ltr'><strong>acutissimum</strong></span> <span class='ocrx_word' id='word_1_128' title='bbox 1613 3148 1898 3259; x_wconf 82' lang='lat' dir='ltr'><strong>prominente</strong></span> <span class='ocrx_word' id='word_1_129' title='bbox 1949 3152 2147 3261; x_wconf 88' lang='lat' dir='ltr'><strong>margine</strong></span> 
     </span>
     <span class='ocr_line' id='line_1_20' title="bbox 554 3273 2148 3403; baseline 0.011 -41"><span class='ocrx_word' id='word_1_130' title='bbox 554 3273 839 3387; x_wconf 86' lang='lat' dir='ltr'><strong>integerrima</strong></span> <span class='ocrx_word' id='word_1_131' title='bbox 886 3276 946 3361; x_wconf 87' lang='lat' dir='ltr'><strong>ita</strong></span> <span class='ocrx_word' id='word_1_132' title='bbox 977 3299 1155 3365; x_wconf 87' lang='lat' dir='ltr'><strong>auctum</strong></span> <span class='ocrx_word' id='word_1_133' title='bbox 1197 3301 1260 3364; x_wconf 89' lang='lat' dir='ltr'><strong>est</strong></span> <span class='ocrx_word' id='word_1_134' title='bbox 1299 3277 1487 3381; x_wconf 78' lang='lat' dir='ltr'><strong>lolium,</strong></span> <span class='ocrx_word' id='word_1_135' title='bbox 1518 3306 1598 3390; x_wconf 79' lang='lat' dir='ltr'><strong>ut,</strong></span> <span class='ocrx_word' id='word_1_136' title='bbox 1639 3287 1676 3370; x_wconf 92' lang='lat' dir='ltr'><strong>si</strong></span> <span class='ocrx_word' id='word_1_137' title='bbox 1708 3287 1801 3373; x_wconf 87' lang='lat' dir='ltr'><strong>basi</strong></span> <span class='ocrx_word' id='word_1_138' title='bbox 1836 3289 2148 3403; x_wconf 90' lang='lat' dir='ltr'><strong>complicatum</strong></span> 
     </span>
     <span class='ocr_line' id='line_1_21' title="bbox 556 3412 2166 3543; baseline 0.011 -41"><span class='ocrx_word' id='word_1_139' title='bbox 556 3415 607 3503; x_wconf 87' lang='lat' dir='ltr'><strong>id</strong></span> <span class='ocrx_word' id='word_1_140' title='bbox 651 3412 786 3529; x_wconf 86' lang='lat' dir='ltr'><strong>fingas</strong></span> <span class='ocrx_word' id='word_1_141' title='bbox 799 3478 814 3522; x_wconf 88' lang='lat'>‚</span> <span class='ocrx_word' id='word_1_142' title='bbox 866 3415 1071 3543; x_wconf 56' lang='lat' dir='ltr'><strong>formamv</strong></span> <span class='ocrx_word' id='word_1_143' title='bbox 1097 3420 1191 3506; x_wconf 89' lang='lat' dir='ltr'><strong>eius</strong></span> <span class='ocrx_word' id='word_1_144' title='bbox 1237 3419 1467 3527; x_wconf 85' lang='lat' dir='ltr'><strong>invenias,</strong></span> <span class='ocrx_word' id='word_1_145' title='bbox 1516 3426 1694 3541; x_wconf 85' lang='lat' dir='ltr'><strong>qualem</strong></span> <span class='ocrx_word' id='word_1_146' title='bbox 1735 3430 1780 3514; x_wconf 90' lang='lat' dir='ltr'><strong>in</strong></span> <span class='ocrx_word' id='word_1_147' title='bbox 1811 3429 2166 3539; x_wconf 82' lang='lat' dir='ltr'><strong>ensiformihus,·</strong></span> 
     </span>
     <span class='ocr_line' id='line_1_22' title="bbox 555 3558 2150 3688; baseline 0.011 -43"><span class='ocrx_word' id='word_1_148' title='bbox 555 3558 743 3647; x_wconf 86' lang='lat' dir='ltr'><strong>maxime</strong></span> <span class='ocrx_word' id='word_1_149' title='bbox 777 3588 1071 3675; x_wconf 86' lang='lat' dir='ltr'><strong>compressam</strong></span> <span class='ocrx_word' id='word_1_150' title='bbox 1116 3563 1354 3682; x_wconf 90' lang='lat' dir='ltr'><strong>carinaque</strong></span> <span class='ocrx_word' id='word_1_151' title='bbox 1396 3566 1654 3676; x_wconf 84' lang='lat' dir='ltr'><strong>alaeformi,</strong></span> <span class='ocrx_word' id='word_1_152' title='bbox 1696 3598 1911 3688; x_wconf 91' lang='lat' dir='ltr'><strong>quantum</strong></span> <span class='ocrx_word' id='word_1_153' title='bbox 1953 3579 2150 3663; x_wconf 87' lang='lat' dir='ltr'><strong>auricula</strong></span> 
     </span>
     <span class='ocr_line' id='line_1_23' title="bbox 556 3697 2152 3830; baseline 0.014 -45"><span class='ocrx_word' id='word_1_154' title='bbox 556 3697 871 3815; x_wconf 85' lang='lat' dir='ltr'><strong>protenditur,</strong></span> <span class='ocrx_word' id='word_1_155' title='bbox 896 3722 1138 3786; x_wconf 88' lang='lat' dir='ltr'><strong>retrorsum</strong></span> <span class='ocrx_word' id='word_1_156' title='bbox 1165 3701 1413 3818; x_wconf 81' lang='lat' dir='ltr'><strong>dilatatam3</strong></span> <span class='ocrx_word' id='word_1_157' title='bbox 1442 3712 1497 3795; x_wconf 89' lang='lat' dir='ltr'><strong>ab</strong></span> <span class='ocrx_word' id='word_1_158' title='bbox 1524 3718 1649 3830; x_wconf 87' lang='lat' dir='ltr'><strong>apice</strong></span> <span class='ocrx_word' id='word_1_159' title='bbox 1668 3713 1773 3805; x_wconf 77' lang='lat' dir='ltr'><strong>ve&#39;ro</strong></span> <span class='ocrx_word' id='word_1_160' title='bbox 1801 3720 2024 3807; x_wconf 86' lang='lat' dir='ltr'><strong>auriculae</strong></span> <span class='ocrx_word' id='word_1_161' title='bbox 2051 3724 2152 3808; x_wconf 89' lang='lat' dir='ltr'><strong>sim·</strong></span> 
     </span>
    </p>
   </div>
   <div class='ocr_carea' id='block_1_13' title="bbox 555 3836 2151 4119">
    <p class='ocr_par' dir='ltr' id='par_1_13' title="bbox 555 3836 2151 4114">
     <span class='ocr_line' id='line_1_24' title="bbox 555 3836 2151 3969; baseline 0.016 -45"><span class='ocrx_word' id='word_1_162' title='bbox 555 3840 658 3953; x_wconf 83' lang='lat' dir='ltr'><strong>pler</strong></span> <span class='ocrx_word' id='word_1_163' title='bbox 686 3836 957 3966; x_wconf 87' lang='lat' dir='ltr'><strong>planumque</strong></span> <span class='ocrx_word' id='word_1_164' title='bbox 984 3841 1210 3954; x_wconf 90' lang='lat' dir='ltr'><strong>prominet</strong></span> <span class='ocrx_word' id='word_1_165' title='bbox 1234 3842 1394 3931; x_wconf 86' lang='lat' dir='ltr'><strong>solium</strong></span> <span class='ocrx_word' id='word_1_166' title='bbox 1420 3875 1464 3936; x_wconf 85' lang='lat' dir='ltr'><strong>et</strong></span> <span class='ocrx_word' id='word_1_167' title='bbox 1492 3853 1537 3937; x_wconf 93' lang='lat' dir='ltr'><strong>in</strong></span> <span class='ocrx_word' id='word_1_168' title='bbox 1564 3857 1733 3969; x_wconf 89' lang='lat' dir='ltr'><strong>apicem</strong></span> <span class='ocrx_word' id='word_1_169' title='bbox 1759 3885 1976 3947; x_wconf 90' lang='lat' dir='ltr'><strong>serratum</strong></span> <span class='ocrx_word' id='word_1_170' title='bbox 2002 3866 2151 3949; x_wconf 87' lang='lat' dir='ltr'><strong>termi-</strong></span> 
     </span>
     <span class='ocr_line' id='line_1_25' title="bbox 556 3978 2150 4119; baseline 0.018 -58"><span class='ocrx_word' id='word_1_171' title='bbox 556 4002 700 4064; x_wconf 90' lang='lat' dir='ltr'><strong>natur.</strong></span> <span class='ocrx_word' id='word_1_172' title='bbox 732 3978 851 4065; x_wconf 88' lang='lat' dir='ltr'><strong>Retis</strong></span> <span class='ocrx_word' id='word_1_173' title='bbox 883 3981 1055 4069; x_wconf 86' lang='lat' dir='ltr'><strong>areolae</strong></span> <span class='ocrx_word' id='word_1_174' title='bbox 1086 3981 1271 4119; x_wconf 89' lang='lat' dir='ltr'><strong>pulchre</strong></span> <span class='ocrx_word' id='word_1_175' title='bbox 1305 3988 1580 4096; x_wconf 82' lang='lat' dir='ltr'><strong>rotundatas,</strong></span> <span class='ocrx_word' id='word_1_176' title='bbox 1613 4000 1900 4113; x_wconf 87' lang='lat' dir='ltr'><strong>conspicuae,</strong></span> <span class='ocrx_word' id='word_1_177' title='bbox 1933 4002 2150 4114; x_wconf 88' lang='lat' dir='ltr'><strong>singulae-</strong></span> 
     </span>
    </p>
   </div>
   <div class='ocr_carea' id='block_1_14' title="bbox 413 4122 2192 4255">
    <p class='ocr_par' dir='ltr' id='par_1_14' title="bbox 413 4122 2192 4255">
     <span class='ocr_line' id='line_1_26' title="bbox 413 4122 2192 4255; baseline 0.016 -54"><span class='ocrx_word' id='word_1_178' title='bbox 413 4168 415 4175; x_wconf 83' lang='grc'><strong><em>·</em></strong></span> <span class='ocrx_word' id='word_1_179' title='bbox 476 4234 479 4245; x_wconf 62' lang='lat'><strong>.</strong></span> <span class='ocrx_word' id='word_1_180' title='bbox 556 4142 647 4237; x_wconf 82' lang='lat' dir='ltr'><strong>qu‘e</strong></span> <span class='ocrx_word' id='word_1_181' title='bbox 671 4122 858 4208; x_wconf 89' lang='lat' dir='ltr'><strong>maiores</strong></span> <span class='ocrx_word' id='word_1_182' title='bbox 888 4126 1001 4211; x_wconf 89' lang='lat' dir='ltr'><strong>senis</strong></span> <span class='ocrx_word' id='word_1_183' title='bbox 1026 4124 1275 4212; x_wconf 89' lang='lat' dir='ltr'><strong>minoribus</strong></span> <span class='ocrx_word' id='word_1_184' title='bbox 1309 4127 1476 4218; x_wconf 85' lang='lat' dir='ltr'><strong>cinctae</strong></span> <span class='ocrx_word' id='word_1_185' title='bbox 1507 4160 1633 4240; x_wconf 90' lang='lat' dir='ltr'><strong>sunt,</strong></span> <span class='ocrx_word' id='word_1_186' title='bbox 1669 4169 1759 4255; x_wconf 93' lang='lat' dir='ltr'><strong>quo</strong></span> <span class='ocrx_word' id='word_1_187' title='bbox 1792 4142 1948 4244; x_wconf 77' lang='lat' dir='ltr'><strong>circuli</strong></span> <span class='ocrx_word' id='word_1_188' title='bbox 1985 4142 2153 4229; x_wconf 85' lang='lat' dir='ltr'><strong>a1··eola</strong></span> <span class='ocrx_word' id='word_1_189' title='bbox 2186 4246 2192 4251; x_wconf 20' lang='lat'><strong>¹</strong></span> 
     </span>
    </p>
   </div>
   <div class='ocr_carea' id='block_1_15' title="bbox 557 4266 2149 4385">
    <p class='ocr_par' dir='ltr' id='par_1_15' title="bbox 557 4266 2149 4385">
     <span class='ocr_line' id='line_1_27' title="bbox 557 4266 2149 4385; baseline 0.013 -36"><span class='ocrx_word' id='word_1_190' title='bbox 557 4293 657 4349; x_wconf 89' lang='lat' dir='ltr'><strong>rum</strong></span> <span class='ocrx_word' id='word_1_191' title='bbox 684 4266 889 4352; x_wconf 89' lang='lat' dir='ltr'><strong>oriuntur</strong></span> <span class='ocrx_word' id='word_1_192' title='bbox 917 4268 1093 4352; x_wconf 85' lang='lat' dir='ltr'><strong>lacunas</strong></span> <span class='ocrx_word' id='word_1_193' title='bbox 1125 4270 1361 4357; x_wconf 88' lang='lat' dir='ltr'><strong>circulares</strong></span> <span class='ocrx_word' id='word_1_194' title='bbox 1392 4274 1626 4385; x_wconf 87' lang='lat' dir='ltr'><strong>cingentes.</strong></span> <span class='ocrx_word' id='word_1_195' title='bbox 1684 4278 1984 4369; x_wconf 83' lang='lat' dir='ltr'><strong>Fructificatio</strong></span> <span class='ocrx_word' id='word_1_196' title='bbox 2017 4283 2149 4369; x_wconf 88' lang='lat' dir='ltr'><strong>deest.</strong></span> 
     </span>
    </p>
   </div>
   <div class='ocr_carea' id='block_1_16' title="bbox 677 4441 2146 4634">
    <p class='ocr_par' dir='ltr' id='par_1_16' title="bbox 677 4441 2146 4634">
     <span class='ocr_line' id='line_1_28' title="bbox 677 4441 2146 4634; baseline 0.018 -109"><span class='ocrx_word' id='word_1_197' title='bbox 677 4441 1251 4555; x_wconf 80' lang='lat' dir='ltr'><strong>23.1ungermannia</strong></span> <span class='ocrx_word' id='word_1_198' title='bbox 1300 4446 1524 4536; x_wconf 83' lang='lat' dir='ltr'><strong>Blumi&#39;i</strong></span> <span class='ocrx_word' id='word_1_199' title='bbox 1565 4452 1619 4542; x_wconf 88' lang='lat' dir='ltr'><strong>N.</strong></span> <span class='ocrx_word' id='word_1_200' title='bbox 1652 4455 1990 4634; x_wconf 80' lang='lat' dir='ltr'><strong>abE.·-Tab.</strong></span> <span class='ocrx_word' id='word_1_201' title='bbox 2025 4464 2146 4554; x_wconf 81' lang='lat' dir='ltr'><strong>XVI.</strong></span> 
     </span>
    </p>
   </div>
   <div class='ocr_carea' id='block_1_17' title="bbox 526 4579 997 4723">
    <p class='ocr_par' dir='ltr' id='par_1_17' title="bbox 526 4579 997 4723">
     <span class='ocr_line' id='line_1_29' title="bbox 526 4579 997 4723; baseline 0.004 -54"><span class='ocrx_word' id='word_1_202' title='bbox 526 4579 945 4723; x_wconf 15' lang='lat' dir='ltr'><strong>&#39;figaria</strong></span> <span class='ocrx_word' id='word_1_203' title='bbox 885 4585 997 4671; x_wconf 90' lang='lat' dir='ltr'>f</span> 
     </span>
    </p>
   </div>
   <div class='ocr_carea' id='block_1_18' title="bbox 534 4760 2147 5050">
    <p class='ocr_par' dir='ltr' id='par_1_18' title="bbox 562 4760 2147 5023">
     <span class='ocr_line' id='line_1_30' title="bbox 675 4760 2147 4899; baseline 0.015 -51"><span class='ocrx_word' id='word_1_204' title='bbox 675 4762 711 4848; x_wconf 85' lang='lat' dir='ltr'><strong>l.</strong></span> <span class='ocrx_word' id='word_1_205' title='bbox 747 4760 969 4883; x_wconf 83' lang='lat' dir='ltr'><strong>(stipulata</strong></span> <span class='ocrx_word' id='word_1_206' title='bbox 1006 4794 1083 4852; x_wconf 87' lang='lat' dir='ltr'><strong>sen</strong></span> <span class='ocrx_word' id='word_1_207' title='bbox 1136 4766 1513 4883; x_wconf 87' lang='lat' dir='ltr'><strong>ampbigastriata‚</strong></span> <span class='ocrx_word' id='word_1_208' title='bbox 1561 4775 1731 4890; x_wconf 89' lang='lat' dir='ltr'><strong>stipulis</strong></span> <span class='ocrx_word' id='word_1_209' title='bbox 1763 4780 1953 4899; x_wconf 85' lang='lat' dir='ltr'><strong>simplici</strong></span> <span class='ocrx_word' id='word_1_210' title='bbox 1998 4784 2147 4893; x_wconf 63' lang='lat' dir='ltr'><strong>seria)</strong></span> 
     </span>
     <span class='ocr_line' id='line_1_31' title="bbox 534 4897 2146 5050; baseline 0.02 -65.555"><span class='ocrx_word' id='word_1_211' title='bbox 534 4897 690 4999; x_wconf 79' lang='lat' dir='ltr'><strong>·caule</strong></span> <span class='ocrx_word' id='word_1_212' title='bbox 728 4904 992 4991; x_wconf 82' lang='lat' dir='ltr'><strong>ascendente</strong></span> <span class='ocrx_word' id='word_1_213' title='bbox 1018 4906 1321 5023; x_wconf 81' lang='lat' dir='ltr'><strong>subsimplici,</strong></span> <span class='ocrx_word' id='word_1_214' title='bbox 1352 4916 1474 5007; x_wconf 83' lang='lat' dir='ltr'><strong>follis</strong></span> <span class='ocrx_word' id='word_1_215' title='bbox 1506 4920 1680 5012; x_wconf 86' lang='lat' dir='ltr'><strong>bifariis</strong></span> <span class='ocrx_word' id='word_1_216' title='bbox 1711 4954 1951 5050; x_wconf 85' lang='lat' dir='ltr'><strong>retrorsum</strong></span> <span class='ocrx_word' id='word_1_217' title='bbox 1992 4934 2146 5019; x_wconf 83' lang='lat' dir='ltr'><strong>imbri·-</strong></span> 
     </span>
    </p>
   </div>
   <div class='ocr_carea' id='block_1_19' title="bbox 562 5039 2147 5189">
    <p class='ocr_par' dir='ltr' id='par_1_19' title="bbox 562 5039 2147 5189">
     <span class='ocr_line' id='line_1_32' title="bbox 562 5039 2147 5189; baseline 0.02 -61"><span class='ocrx_word' id='word_1_218' title='bbox 562 5047 664 5129; x_wconf 87' lang='lat' dir='ltr'><strong>catis</strong></span> <span class='ocrx_word' id='word_1_219' title='bbox 690 5044 1030 5139; x_wconf 88' lang='lat' dir='ltr'><strong>horizontalibus</strong></span> <span class='ocrx_word' id='word_1_220' title='bbox 1072 5050 1297 5165; x_wconf 91' lang='lat' dir='ltr'><strong>oblongo·</strong></span> <span class='ocrx_word' id='word_1_221' title='bbox 1310 5054 1479 5151; x_wconf 83' lang='lat' dir='ltr'><strong>falcatis</strong></span> <span class='ocrx_word' id='word_1_222' title='bbox 1516 5070 1652 5155; x_wconf 88' lang='lat' dir='ltr'><strong>acutis</strong></span> <span class='ocrx_word' id='word_1_223' title='bbox 1697 5070 1793 5162; x_wconf 87' lang='lat' dir='ltr'><strong>basi</strong></span> <span class='ocrx_word' id='word_1_224' title='bbox 1827 5039 1984 5160; x_wconf 84' lang='lat' dir='ltr'><strong>ciliatis</strong></span> <span class='ocrx_word' id='word_1_225' title='bbox 2019 5076 2147 5189; x_wconf 88' lang='lat' dir='ltr'><strong>apice</strong></span> 
     </span>
    </p>
   </div>
   <div class='ocr_carea' id='block_1_20' title="bbox 0 0 2370 6132">
    <p class='ocr_par' dir='ltr' id='par_1_20' title="bbox 0 0 2370 6132">
     <span class='ocr_line' id='line_1_33' title="bbox 0 0 2370 6132; baseline 0 0"><span class='ocrx_word' id='word_1_226' title='bbox 0 0 2370 6132; x_wconf 95' lang='lat' dir='ltr'><strong> </strong></span> 
     </span>
    </p>
   </div>
  </div>
 </body>
</html>
