4692 6142
544 653 605 711 111

548 849 627 908 tam
656 832 821 906 'amicitia
858 842 986 904 mutua
1011 829 1216 902 arctissima
1245 829 1411 902 iunctum
1445 830 1545 902 bene
1570 829 1835 926 perpenderis,
1871 831 2031 904 eandm
2061 830 2146 904 fene

548 995 647 1044 nunc
671 969 815 1065 sibique
840 991 1019 1063 perquam
1044 965 1202 1036 similem
1227 965 1456 1056 constitisse,
1482 965 1661 1038 invenies.
1809 1045 1812 1048 ⁴

547 1107 550 1114 ’
649 1102 749 1174 Turn
777 1125 893 1192 vero,
909 1101 940 1171 si
967 1099 1027 1173 val
1052 1101 1092 1172 in
1117 1099 1228 1171 rebus
1253 1099 1429 1192 politicis,
1457 1123 1552 1194 quae
1576 1099 1775 1172 maximam
1795 1103 1924 1172 nasa
1943 1100 2146 1172 mentiosi

548 1259 641 1320 aero
666 1259 792 1330 passae
817 1260 895 1340 esse
920 1235 1140 1308 videbantur
1165 1234 1412 1321 eversionem,
1426 1246 1501 1304 tarn
1516 1256 1646 1328 parum
1663 1246 1792 1306 nostra
1806 1247 1976 1330 tempora
1992 1234 2146 1307 differre

548 1395 571 1440 a
595 1345 752 1464 pristino
777 1369 843 1441 illo
864 1363 967 1440 'stata
990 1369 1218 1464 apparuerit,
1246 1369 1495 1442 conditionem
1520 1368 1770 1444 litteratorum
1791 1381 1835 1440 et
1865 1371 2074 1445 litterarum
2098 1370 2146 1441 ab

548 1529 605 1594 aa,
635 1507 708 1599 qua
723 1501 820 1574 'turc
844 1505 945 1574 inter
969 1527 1037 1574 nos
1062 1502 1119 1572 illi
1142 1501 1367 1597 gaudebant,
1395 1502 1497 1575 nulla
1519 1503 1674 1578 omniuo
1698 1526 1766 1596 rs,
1792 1526 1888 1600 quae
1909 1503 2062 1598 grauior
2080 1504 2143 1596 sit,

544 1611 785 1712 abhorruisse
810 1640 986 1732 reperies.
1055 1671 1057 1676 ⁷
1831 1717 1834 1723 ,

645 1772 738 1844 Inde
771 1795 793 1840 a
820 1770 1033 1842 restauratis
1055 1768 1254 1842 Occiderit
1284 1769 1418 1840 litteris
1452 1751 1703 1842 eruditorum'
1716 1769 1888 1844 omnium
1918 1768 2147 1845 feracisdma

545 1905 622 2002 ‚fuis
652 1905 881 1991 Germania,
916 1927 1037 1998 neque
1074 1903 1214 1994 ullam,
1250 1916 1340 1999 puto
1353 1957 1364 1996 ,
1420 1904 1590 1996 angulum
1616 1904 1725 1978 huius
1763 1903 1885 1996 Regni
1917 1904 2015 1976 sicco
2048 1903 2145 2000 pede

546 2039 760 2113 camoenae
797 2038 1035 2109 transierunt.
1104 2038 1312 2131 splendens
1353 2037 1505 2133 ubique·
1529 2036 1758 2108 efferebatur
1792 2035 1966 2109 Doctoris
2002 2038 2145 2128 titulus,

552 2198 685 2270 magua
719 2173 925 2244 habebatur
961 2173 1144 2262 virorum,
1183 2171 1222 2240 iu
1256 2171 1389 2243 litteris
1419 2172 1682 2242 excellentium
1695 2224 1707 2262 ,
1756 2170 1816 2246 rel
1852 2171 1949 2266 apud
1972 2195 2147 2268 proceres

549 2310 761 2397 auctoritas,
790 2306 979 2401 personuit
1003 2307 1163 2401 undique
1186 2328 1239 2379 er
1265 2327 1330 2374 ore
1356 2304 1483 2398 populi
1504 2304 1736 2404 ingeniorum
1755 2306 2033 2400 praeclarorum
2046 2305 2146 2380 fama

547 2443 652 2538 quasi
679 2437 946 2534 unilinguis.
998 2439 1162 2522 Iutauta
1189 2452 1312 2512 autem
1335 2439 1620 2534 dignissimaque
1643 2441 1870 2512 'eruditionis
1894 2440 2143 2516 aestimatione
2245 2515 2256 2536 ¹

547 2578 669 2673 parcis
707 2575 768 2648 vel
797 2574 908 2652 nullis
941 2572 1165 2650 fruebantur
1199 2574 1347 2648 litterae
1381 2542 1547 2647 udirersi
1570 2575 1717 2670 imperii
1740 2573 1999 2668 adminiculis,
2024 2575 2143 2647 solum

547 2711 734 2802 ngenium
760 2710 934 2784 tuebatur
958 2708 1092 2802 opibus
1117 2708 1191 2783 suis
1217 2707 1448 2801 splendidam
1473 2708 1574 2780 illam
1609 2709 1902 2783 Universitatum
1935 2710 2137 2785 litterarum

549 2843 763 2932 familiam,
798 2862 927 2932 parurn
977 2841 1180 2934 recipiebat
1211 2841 1330 2934 ipsum
1367 2809 1583 2914 nutrinrenti
1617 2865 1665 2914 ex
1705 2842 1802 2935 illis,
1851 2841 1924 2914 nisi
1967 2839 2135 2943 quodab

543 2973 797 3048 'aemulatione
819 2971 1128 3068 proficisceretur.
1181 2971 1321 3043 Deerat
1345 2999 1461 3074 usque
1485 2986 1610 3076 pars,
1637 2976 1677 3044 in
1703 3001 1775 3070 qua
1800 2986 1903 3046 tota
1926 2963 2006 3047 esse
2040 2975 2141 3046 Ger-

541 3077 672 3200 ⁸mania
713 3109 928 3198 videretur,
954 3105 1078 3200 itaque
1109 3105 1224 3176 libori
1255 3109 1431 3178 vivebant
1466 3131 1593 3178 ornnes
1628 3109 1677 3178 ab
1704 3132 1754 3178 ea
1778 3109 1919 3202 gloriae
1950 3109 2142 3214 cupidine,

549 3267 643 3342 quae
671 3265 745 3312 non
770 3240 840 3312 nisi
867 3263 888 3326 a
913 3263 1057 3311 summo
1083 3239 1166 3310 ioco
1192 3239 1273 3313 vult
1297 3241 1472 3334 conspici,
1500 3241 1666 3334 laudari,
1702 3245 1740 3314 in
1767 3267 1901 3336 magno
1926 3227 2145 3336 splendido-

550 3401 621 3474 que
648 3397 819 3445 consessu
846 3372 967 3442 audiri
990 3371 1234 3466 laudibusque
1261 3373 1400 3444 extolli.
1441 3373 1626 3444 Continuo
1651 3377 1774 3468 potius
1800 3376 1989 3472 solidoque
2015 3375 2141 3447 labore

548 3511 618 3606 ipsi
645 3510 714 3578 sibi
739 3505 963 3602 plaudebant
986 3507 1183 3600 paucisque
1216 3507 1394 3600 proximis
1403 3531 1415 3598 3
1441 3531 1537 3600 quae
1570 3508 1890 3600 excogitatissent‚
1919 3533 2013 3603 quae
2049 3533 2143 3580 con-

548 3645 689 3737 tigisset
721 3641 866 3736 assequi
897 3640 1153 3716 obseruatione
1180 3650 1243 3708 aut
1274 3639 1543 3733 experimento,
1582 3638 1710 3708 sedulo
1743 3640 1876 3710 litteris
1910 3643 2140 3714 mandabant.

550 3761 654 3846 Talis
690 3747 762 3844 fuit
802 3772 879 3846 vita
920 3769 1118 3865 Nunquam
1155 3770 1375 3841 Otiosorum
1417 3771 1574 3867 privata,
1612 3794 1686 3866 quo
1723 3782 1892 3867 tempore
1930 3763 2032 3866 isti,
2059 3797 2138 3844 cnm

422 3982 429 3998 ,
519 3905 766 4010 *popularum
783 3905 1025 3976 finitimorum
1045 3905 1215 4002 exemplo
1241 3904 1418 3996 suscitati,
1446 3916 1525 3973 tum
1537 3927 1662 3995 rerum
1688 3902 1944 4000 factorumque
1967 3894 2141 3977 domesti-

436 4076 437 4082 1
546 4067 677 4114 corurn
703 4043 807 4136 copia
831 4040 1000 4134 impulsi,
1038 4063 1269 4109 communem
1295 4037 1486 4107 stimulum
1510 4049 1706 4108 senserunt
1729 4039 1959 4133 percipiendi
1983 4052 2023 4110 et
2048 4063 2140 4110 con-

546 4174 766 4270 templandi,
793 4197 912 4268 qaae
938 4171 1112 4266 ubique
1137 4172 1224 4242 iam
1247 4181 1414 4267 parata
1436 4181 1594 4264 erant,
1620 4159 1765 4244 tametsi
1783 4171 2142 4276 neutiquamessent

548 4309 594 4376 nd
619 4305 869 4402 apparendum
896 4303 1072 4396 contecta.
2025 4343 2030 4353 -
2075 4337 2083 4359 ι
2106 4355 2114 4402 t

527 4457 533 4468 ⁸
646 4453 755 4543 Haec
787 4473 858 4542 suit
883 4466 1102 4544 Academiae
1126 4469 1294 4547 Naturae
1322 4471 1565 4545 curiosorum
1589 4475 1713 4568 origo,
1753 4475 1824 4545 hoc
1848 4473 2136 4578 fundamentum.

426 4637 431 4646 ·
547 4591 654 4698 Quae
687 4629 819 4708 magua
851 4605 916 4675 illa
946 4603 1397 4700 Nunquam‘Otiosorum
1430 4609 1585 4698 cohors,
1623 4630 1691 4702 per
1725 4631 1872 4680 omnem
1899 4584 2140 4678 Gerrnaniasn

534 4740 734 4834 dispersa,
768 4739 944 4832 singulari
970 4738 1150 4810 industria
1176 4743 1480 4836 comparavisset,
1507 4743 1646 4837 publici
1672 4742 1764 4829 iuris
1783 4729 1948 4835 tacere,
1985 4765 2035 4812 ex
2066 4738 2138 4810 uno

549 4875 651 4969 quasi
678 4897 742 4944 ore
768 4872 950 4967 profiteri,
986 4874 1164 4945 amicitias
1197 4875 1406 4945 inimicitias
1431 4898 1507 4945 una
1531 4898 1614 4946 cum
1640 4877 1806 4968 personis
1822 4865 1962 4970 'procul
1985 4876 2137 4966 habere,

549 5000 617 5080 nec
642 5008 850 5101 quicquam,
877 5006 948 5076 nisi
973 5006 1074 5101 qnod
1087 5007 1225 5100 ingenii
1249 5018 1288 5078 et
1312 5008 1521 5109 litterarum
1545 5007 1658 5098 foret,
1676 5007 1800 5080 facere
1819 5024 1884 5080 aut
1908 5009 2019 5102 vello,
2045 5008 2140 5080 Ger·

549 5163 743 5213 manorum
762 5163 931 5236 acumen,
959 5161 1028 5214 nec
1046 5165 1139 5218 vero
1164 5164 1334 5243 corpora,
1361 5144 1401 5215 in
1428 5165 1543 5217 unum
1565 5142 1756 5239 colligere,
1781 5143 1978 5218 collectum
2003 5142 2141 5242 enen·
2196 5222 2200 5226 ,
