4692 6142
1283 1007 1819 1205 *Gramina

956 1330 1270 1453 Ecurrocrrua
1298 1328 1583 1450 polysrachya
1612 1328 1668 1421 H.
1698 1355 1743 1420 et
1770 1330 1820 1422 B.

876 1549 1071 1639 Adnot.
1131 1523 1686 1665 Peduuculuscommunis
1710 1573 1756 1637 et
1779 1556 1826 1636 in
1850 1570 1999 1637 nostra
2024 1548 2182 1665 glaber.
2245 1551 2317 1641 Ou-

778 1691 909 1781 nibus
947 1691 1131 1809 reliquis
1170 1691 1285 1777 notis
1321 1690 1472 1806 planta
1510 1715 1659 1777 nostra
1688 1692 2005 1810 descriptioni,
2058 1691 2104 1778 iu
2133 1690 2271 1802 Humb.
2292 1719 2318 1779 et

778 1834 935 1951 Bonpl.
961 1866 1004 1919 u.
1032 1833 1089 1921 G.
1116 1855 1160 1921 et
1179 1834 1257 1951 sp.
1283 1834 1317 1921 l.
1343 1864 1387 1950 p.
1420 1862 1501 1949 119
1526 1832 1679 1943 durae,
1713 1832 1770 1923 ad
1795 1834 2002 1923 amussim
2027 1836 2230 1947 congruit.

878 1973 952 2061 Ad
987 1976 1104 2063 viam
1134 1975 1393 2083 silvaticam,
1424 1974 1546 2090 iuxta
1568 1975 1710 2064 lituos
1737 1976 1924 2065 fluvium
1936 2038 1952 2079 ,
1990 2006 2105 2095 quae
2134 1972 2260 2072 nobis,
2273 2004 2317 2087 ap-

778 2117 970 2235 pellatur
995 2117 1100 2206 Via
1124 2116 1162 2203 F
1172 2116 1457 2207 ilisbertiu
1482 2114 1534 2236 *).
1559 2167 1621 2187 -
1652 2117 1704 2205 In
1728 2119 1848 2206 silvis
1874 2117 1932 2206 ad
1955 2118 2038 2205 llio
2063 2114 2269 2233 Xipotdet
2285 2111 2317 2197 sd

778 2260 860 2346 Ilio
890 2258 1224 2380 lequetinlronlro
1235 2321 1251 2368 ,
1281 2258 1478 2347 flumina.
1597 2290 1628 2345 a
1655 2258 1850 2347 Martius
1879 2254 1966 2378 **).
2011 2302 2018 2313 ·

816 2604 854 2675 ⁸)
874 2596 1178 2681 Filisbertius,
1201 2596 1382 2682 Centurio,
1403 2616 1540 2665 summo
1562 2614 1628 2665 suo
1645 2604 1799 2684 stupere
1814 2590 2317 2681 ermentohsnrrismparssct

795 2744 859 2815 ”i
879 2737 984 2821 Quod
1013 2738 1099 2805 mihi
1112 2740 1209 2806 'sans
1237 2740 1386 2804 maxime
1406 2741 1444 2803 iu
1464 2739 1559 2807 votis
1579 2732 1665 2817 luit,
1685 2732 1815 2803 factum
1835 2744 1890 2823 est
1910 2739 2114 2824 praesertim
2133 2728 2316 2802 eximlallar·

900 2847 956 2909 tii
977 2847 1102 2927 nostri,
1123 2846 1194 2913 ulri
1209 2840 1398 2911 nobilisimi
1416 2837 1724 2932 expertissimique,
1745 2840 2000 2929 benevolentia,
2020 2840 2151 2909 scilicet
2164 2849 2201 2908 ut
2212 2837 2315 2927 plautas,

897 2970 942 3017 ex
969 2950 1130 3017 herbario
1153 2947 1441 3017 serenissimi
1460 2950 1692 3037 Principis
1712 2948 2030 3032 maximiliani,
2058 2945 2315 3017 Neovirlersis,

903 3055 1170 3137 describendae,
1201 3075 1277 3123 uon
1296 3074 1419 3123 omnes
1454 3053 1579 3122 saltem
1599 3060 1709 3121 siccae
1729 3056 1818 3122 adeo
1839 3038 1875 3120 et
1894 3056 1995 3141 quasi
2015 3058 2186 3121 exanimes
2204 3054 2236 3116 iu
2250 3046 2317 3112 lucu

905 3162 1105 3245 prodirent,
1133 3163 1194 3229 sed
1214 3170 1350 3251 praeter
1371 3183 1431 3246 ea,
1459 3181 1548 3250 quae
1575 3164 1711 3247 ipsein
1737 3162 1876 3229 easdem
1904 3163 1975 3227 iarn
2003 3159 2237 3230 animadvertit
2256 3162 2318 3231 atqu

902 3270 1041 3357 scriptis
1072 3270 1126 3335 uti
1146 3272 1316 3337 concessit
1337 3268 1663 3338 Serenissimus
1689 3252 1780 3335 Ille
1800 3268 2146 3356 Peregrinstor,
2166 3256 2319 3332 turstini

907 3378 1002 3444 notis
1031 3378 1184 3465 vivaque
1210 3378 1380 3444 memoria
1407 3385 1656 3444 exornarentur
1675 3378 1771 3445 eius
1791 3379 1902 3459 viri,
1924 3378 1984 3465 qui
2004 3374 2170 3463 plurimas
2187 3368 2266 3441 facile
2280 3386 2321 3433 uu·

903 3487 1003 3553 nium
1024 3485 1115 3554 vidit
1134 3482 1273 3573 plantas
1294 3484 1520 3553 Brasilienses
1540 3486 1783 3574 tractavitque,
1805 3483 1930 3554 Florae
1950 3488 2106 3573 tropicus
2126 3500 2223 3571 aeque
2239 3475 2288 3545 irre
2300 3490 2321 3534 tt

903 3593 1079 3660 nobismet
1106 3594 1192 3678 ipsis
1221 3592 1414 3659 adamatus.
1460 3592 1699 3665 Lustravimus
1725 3598 1828 3663 ambo
1859 3592 2061 3682 plantarum
2090 3596 2178 3663 sicca
2195 3582 2320 3668 exemplu

904 3720 925 3765 a
947 3697 1129 3768 Summo
1152 3699 1372 3789 Principe
1391 3702 1540 3783 tradita,
1561 3704 1759 3791 optimeque
1781 3722 1821 3768 ea
1842 3700 2012 3799 pleraque
2036 3706 2248 3781 conservata3
2269 3704 2322 3775 qun

903 3830 971 3899 ego
1006 3810 1150 3899 scripsi,
1183 3807 1371 3899 diligenter
1390 3806 1537 3898 perlegit
1553 3810 1733 3876 'Amicus
1753 3799 2018 3897 Peregrinator,
2039 3810 2233 3897 castigavit,
2250 3816 2322 3885 quas,

904 3920 997 3987 sicca
1025 3923 1214 4003 sequutus,
1252 3916 1389 3993 erravi,
1426 3918 1604 3984 addidits
1632 3918 1728 3999 suis,
1757 3935 1846 4003 quae
1872 3913 1931 3984 vel
1959 3936 2038 3981 cum
2066 3917 2139 3985 vita
2165 3904 2325 3993 aufugissent

903 4022 1105 4089 deessentve
1125 4023 1233 4088 ramis
1257 4031 1291 4089 et
1311 4020 1465 4110 plantis,
1492 4019 1834 4090 aSsrenisstmo
1858 4020 2068 4108 Principe
2095 4018 2224 4104 relatis3
2246 4008 2324 4077 nan·

904 4147 970 4196 nes
991 4148 1103 4198 novas
1125 4132 1355 4209 enumeravit,
1377 4152 1418 4197 ex
1439 4128 1660 4217 amplissimis
1680 4132 1755 4197 suis
1773 4128 1910 4195 schedia
1932 4128 2140 4210 haustas,-
2157 4122 2278 4193 inseruit
2292 4114 2326 4176 dr·

906 4236 1013 4321 nique
1032 4237 1071 4301 irr
1094 4244 1269 4317 summum
1291 4234 1451 4323 opusculi
1472 4236 1575 4302 huius
1590 4235 1863 4305 emolumentum
1882 4236 1984 4305 docta
1998 4233 2238 4324 quamplurima
2251 4227 2328 4291 adver·

909 4344 1016 4417 saria,
1037 4340 1205 4439 Familias
1221 4341 1396 4433 naturales
1408 4350 1445 4408 et
1457 4340 1607 4426 Genera,
1628 4366 1715 4436 quae
1730 4348 1817 4416 istae
1834 4343 1975 4433 plantas
1991 4348 2142 4427 intrant,
2162 4332 2327 4429 explicantia·

908 4446 1045 4537 Itaque,
1067 4450 1187 4537 (quod
1212 4450 1299 4516 mihi
1324 4469 1459 4518 summo
1481 4450 1731 4519 delectamento
1756 4447 1840 4538 est,)
1858 4452 2110 4537 descriptiones
2130 4462 2241 4519 omues
2256 4448 2327 4519 ,sque

907 4578 948 4624 ex
969 4561 1063 4627 eius
1085 4576 1160 4626 esse
1185 4560 1273 4627 viri
1290 4558 1433 4647 iugenio
1453 4565 1575 4641 natae,
1601 4577 1644 4625 sc
1659 4577 1738 4625 msa
1752 4560 1963 4627 videbantur
1982 4556 2152 4625 industria
2165 4550 2329 4620 elaboratas

911 4686 1025 4754 neque
1047 4663 1200 4754 amplius
1219 4683 1308 4755 opus
1325 4673 1424 4748 erat,
1444 4663 1604 4751 singula,
1634 4666 1679 4731 ab
1701 4662 1763 4731 illo
1785 4660 1960 4749 proiecta,
1990 4660 2174 4742 extollere,
2202 4654 2261 4722 nisi
2275 4660 2331 4763 ‘ili‘

909 4768 1065 4859 largiora
1087 4776 1306 4863 partiumque
1326 4779 1418 4839 totas
1443 4770 1696 4839 delineatioues
1715 4772 1917 4852 adiecisset,
1954 4793 2065 4863 eaque
2084 4769 2203 4838 litteris
2219 4760 2331 4829 antarii·

914 4885 977 4949 bus
998 4884 1219 4970 indicantum
1246 4878 1454 4966 adversariis
1474 4888 1591 4947 autem
1612 4881 1687 4947 eius
1709 4896 1838 4944 nomen
1859 4878 2126 4966 adscripsimus3
2146 4874 2279 4955 lucorum
2293 4872 2331 4921 ¹¹⁸·

886 4988 1031 5057 talium
1057 4997 1146 5077 quae
1168 4991 1369 5070 adnotavit,
1401 5007 1421 5054 s
1442 4986 1568 5057 litteris
1587 5010 1610 5051 a
1627 4986 1679 5057 M.
1698 5004 1897 5073 cognosces.
2113 4983 2157 5063 N.
2177 4983 2216 5047 ab
2234 4972 2269 5043 E·
