4692 6142
516 525 594 606 mu

613 701 673 781 Ex
698 704 754 776 his
780 713 903 774 antem
914 757 926 797 ,
966 725 1061 798 quae
1093 703 1134 776 in
1166 698 1407 776 Praelatione
1439 703 1489 774 ad
1519 703 1695 780 volumen
1737 698 1920 778 decimum
1944 704 2129 782 Actorum

512 853 724 943 nostrornm
754 839 919 934 exposita
943 852 1049 931 sunt,
1079 835 1159 912 Vos
1177 861 1320 931 omnes,
1347 837 1526 932 Collegae
1549 841 1862 932 coniunctissimi,
1889 841 2128 944 iampridem

514 976 748 1067 cognovistis,
776 997 837 1046 res
861 972 1087 1044 academicos
1111 983 1194 1046 tum
1218 974 1358 1046 beato
1374 970 1609 1070 Principi,
1635 987 1728 1046 turn
1754 970 1871 1048 Viro
1894 976 2131 1049 illustris·

512 1109 689 1182 simoen
708 1103 906 1182 Domino
925 1107 1258 1208 BaroniStein
1272 1106 1326 1178 ab
1342 1102 1634 1200 Altenstein,
1652 1107 1993 1182 Potentissimo
2006 1107 2127 1203 Regi

515 1237 826 1314 Borussorum
865 1243 913 1314 in
952 1243 1122 1333 rebus,
1174 1243 1231 1312 ad
1262 1241 1505 1314 humanum
1546 1241 1728 1315 cultum
1763 1244 2123 1338 spectantibus,

512 1401 690 1450 summo
711 1371 963 1468 Ministro,
990 1386 1069 1448 tum
1096 1377 1266 1448 omnibus
1291 1373 1379 1465 lis,
1408 1372 1824 1473 qui'Altensteinio
1853 1401 1875 1448 a
1899 1397 2124 1473 supremo

515 1511 724 1582 consilio
766 1508 912 1605 Regio
952 1520 1088 1599 sunt,
1136 1509 1270 1581 Viris
1313 1507 1682 1582 strenuissimis
1723 1521 1774 1582 et
1817 1511 2124 1606 sapientissi-

388 1693 393 1700 -
514 1646 625 1738 mis,
663 1645 757 1716 adeo
774 1667 931 1740 semper
959 1667 1070 1714 cume
1096 1653 1134 1716 et
1171 1643 1277 1716 cordi
1299 1639 1442 1734 fuisse,
1470 1653 1514 1715 ut
1538 1643 1749 1742 ubicunque
1772 1645 1821 1716 ed
1845 1645 1987 1731 edenda
2012 1669 2125 1741 opera

512 1790 639 1852 nostra
668 1777 849 1874 pecuniae
900 1777 1092 1888 deessent,
1139 1789 1269 1848 mutuo
1307 1797 1370 1848 aas
1406 1779 1672 1873 suppeditare,
1726 1779 1834 1857 valde
1874 1779 1990 1851 debili
2033 1803 2121 1854 sane

514 1883 636 2008 quoad
667 1931 837 1984 nummos
870 1911 1046 2006 pignore,
1083 1911 1179 1982 nulli
1218 1935 1381 2008 unquam
1408 1913 1644 2006 dubitarent3
1697 1937 1771 2008 quo
1803 1912 2045 2005 factumest,
2080 1923 2125 1986 ut

513 2045 620 2118 brevi
658 2045 835 2140 temporis
869 2048 987 2138 spatio
1022 2056 1219 2140 utrumqne
1254 2047 1388 2118 decimi
1422 2029 1622 2120 uoluminis
1663 2059 1829 2142 partem,
1873 2069 2012 2142 easque
2045 2069 2123 2120 non

513 2180 644 2273 quovis
671 2189 805 2250 ornatu
818 2179 1033 2271 destitutas,
1061 2181 1100 2250 in
1126 2179 1249 2252 lucem
1274 2179 1446 2252 emittere
1471 2180 1629 2252 licuerit
1661 2181 1735 2250 Sed
1759 2177 2011 2281 affluentibus,
2030 2181 2122 2254 dum

512 2308 551 2384 iu
585 2312 643 2384 his
685 2313 952 2406 versabamur,
993 2316 1042 2388 ab
1068 2313 1174 2388 omni
1201 2325 1308 2409 parte
1340 2315 1447 2386 novis
1485 2314 1679 2407 Nunquam
1707 2310 1923 2383 Otiosorum
1956 2311 2119 2406 scriptis,

387 2483 392 2488 ·
511 2448 629 2542 iisque
643 2447 862 2522 doctissimis
881 2447 1071 2544 multaque
1089 2471 1203 2544 opera
1228 2459 1268 2520 et
1291 2469 1384 2521 vero
1407 2443 1764 2531 sumtibusexcultis,
1783 2465 1870 2514 eum
1893 2444 1932 2512 in
1947 2444 2117 2538 modum,

514 2591 557 2650 ut
580 2581 737 2652 alterum
764 2585 866 2678 prins
892 2583 1068 2658 volumen
1080 2633 1091 2671 ,
1137 2582 1473 2676 manuscriptum,
1511 2591 1681 2674 paratum
1716 2587 1830 2666 esset,
1872 2601 1985 2670 quam
2017 2577 2119 2648 deci·

514 2731 615 2784 mum
640 2713 747 2808 illud,
778 2716 879 2810 quod
903 2717 970 2786 sub
996 2717 1102 2810 prelo
1128 2719 1296 2802 sudabat,
1324 2718 1419 2811 typis
1442 2711 1578 2785 excudi
1589 2710 1801 2804 tabulisque
1821 2707 1970 2804 sculptis
1987 2710 2117 2780 instrui

405 2947 406 2950 Ἴ
514 2858 650 2940 posset,
687 2857 765 2921 tum
783 2847 937 2922 Praeses
967 2849 1078 2946 pleno
1107 2851 1228 2922 bonae
1255 2851 1335 2946 spei
1362 2853 1500 2941 animo,
1522 2871 1605 2919 oum
1624 2817 1765 2916 editum
1785 2845 1935 2916 tandem
1951 2867 1973 2914 a
1987 2842 2118 2935 Vobis,

514 2979 689 3074 Collegae
712 2983 913 3078 indefessi,
946 2984 1019 3056 hoc
1044 2985 1221 3060 volumen
1246 2984 1560 3058 Sereuiseimo
1585 2979 1817 3073 Principi,
1844 2978 2126 3052 Academiae

517 3116 696 3186 Summo
714 3114 999 3210 Protectori,
1022 3119 1125 3190 cuius
1150 3118 1244 3188 illud
1266 3118 1417 3190 nomine
1429 3127 1679 3209 nuncupatum
1705 3125 1786 3184 erat
1801 3114 2120 3202 moremaioruns,

515 3261 663 3320 cureret
686 3252 922 3342 tradendum,
945 3273 1014 3347 per
1039 3254 1193 3344 litteras,
1214 3253 1275 3325 die
1299 3271 1441 3326 xxum
1467 3251 1596 3324 Martii
1615 3250 1725 3322 huius
1744 3249 1829 3321 enni
1854 3269 1932 3320 ase
1951 3247 2122 3341 scriptas,

407 3415 409 3420 v
515 3407 558 3452 es
589 3385 751 3478 addidit,
796 3409 891 3482 quae
927 3401 1070 3484 tempus
1115 3391 1264 3484 exigere
1302 3390 1522 3478 ridebatur,
1564 3387 1737 3458 uthans
1771 3393 1901 3477 coepta
1931 3347 1979 3450 's'u
2003 3377 2124 3451 finem

514 3519 671 3616 denique
699 3523 901 3592 secundum
928 3523 1081 3621 perduci
1106 3548 1148 3594 ac
1173 3523 1283 3595 firmo
1308 3519 1553 3594 fundamento
1578 3519 1719 3614 imponi
1742 3512 1954 3613 posssutt)e
1992 3511 2122 3608 Opera

517 3652 725 3760 eoademice
750 3668 792 3726 ut
818 3655 929 3752 digna
954 3657 1091 3752 forma,
1118 3671 1197 3735 tum
1224 3659 1349 3749 omni,
1378 3679 1451 3751 qua
1475 3677 1544 3750 per
1563 3656 1633 3742 sit,
1659 3652 1849 3734 eeleritate
1875 3661 1984 3745 atque
2008 3647 2123 3720 indu-

506 3789 629 3878 stria,
666 3803 750 3860 ante
776 3793 898 3862 omnis
925 3814 1041 3884 vero,
1075 3805 1116 3864 ut
1139 3795 1220 3868 sine
1246 3794 1344 3864 aeris
1379 3791 1490 3861 alieni
1523 3813 1669 3862 summo
1701 3785 1870 3882 periculo
1900 3807 1943 3854 ac
1977 3795 2120 3854 tanturn

512 3948 587 3996 non
615 3927 714 3996 omni
740 3945 867 3998 rerum
893 3925 1046 4000 interitu
1070 3928 1168 4000 serie
1194 3930 1370 4002 continua
1384 3925 1557 4015 edantur,
1580 3923 1621 3994 id
1635 3921 1757 3995 solum
1773 3921 2013 4015 spectandum
2028 3933 2119 4002 esse,

515 4080 562 4128 ne
578 4059 758 4130 mercium
787 4059 870 4130 loco
880 4057 969 4154 poni
992 4084 1037 4130 eu
1051 4061 1233 4152 debeant,
1262 4084 1359 4156 qnae
1374 4026 1393 4153 ,Ι
1412 4072 1586 4155 tanquam
1608 4057 1761 4128 arbores
1776 4055 1940 4127 fructum
1954 4050 2130 4129 autumni

514 4201 701 4284 tempore,
740 4204 883 4266 tantum
901 4193 1051 4288 singulis
1079 4197 1186 4293 annis
1207 4195 1539 4288 pecuniaelerant,
1569 4202 1748 4288 qnantum
1773 4191 1814 4259 in
1833 4209 1896 4260 ees
1912 4188 2120 4280 impensum

515 4321 652 4418 suerit,
680 4323 803 4432 Putris
828 4330 955 4424 itaque
980 4351 1023 4399 ac
1045 4329 1202 4400 Patroni
1227 4329 1368 4439 v'uleri,
1397 4327 1455 4401 his
1475 4351 1522 4400 eo
1545 4326 1657 4398 modo
1676 4322 1911 4418 prospicere,
1940 4330 1984 4391 ut
2008 4317 2121 4412 quid·

517 4479 627 4552 quam
661 4462 805 4566 argenti
839 4464 1033 4556 quotannis
1063 4464 1103 4532 in
1149 4462 1372 4537 Academiae
1404 4485 1520 4558 opera
1559 4459 1795 4556 impendetur
1836 4453 2025 4548 firmoque
2060 4449 2123 4524 isti

408 4639 426 4670 s
516 4594 666 4664 decreto
692 4596 911 4689 assignetur,
940 4617 1013 4692 quo
1025 4597 1192 4694 impenso
1217 4619 1342 4675 annua
1364 4593 1746 4674 uoluminacoutinuo
1763 4588 1942 4681 edanturi
1967 4583 2123 4658 dmm

522 4827 836 4851 Ἣ

551 4947 769 5026 uttspetmus
787 4955 817 5012 iu
837 4951 902 5022 his,
922 4969 995 5030 quae
1015 4947 1109 5015 insius
1136 4955 1277 5032 quondam
1296 4957 1343 5017 dte
1364 4957 1436 5017 xlii
1463 4959 1587 5026 Augusti
1607 4955 1675 5015 anni
1696 4950 1899 5011 uncccxxl
1919 4951 1954 5004 ds
1976 4946 2120 5050 praesenti

623 5059 795 5124 Academiae
819 5061 981 5120 conditione
999 5063 1034 5120 ad
1060 5064 1315 5122 serenissim
1328 5084 1346 5120 u
1356 5084 1384 5121 m
1404 5065 1629 5138 Principem
1648 5059 1811 5122 retulimus.
