4692 6142
487 686 490 696 ,
582 646 719 700 mur·

680 857 724 926 In
750 855 1084 953 Monographis
1108 856 1518 953 vespertilionum
1545 861 1918 950 germanicarum
1955 873 2032 935 tres
2065 888 2190 936 noras

588 991 726 1084 species
760 965 944 1082 vulgavit,
988 992 1202 1086 multosque'
1231 1013 1400 1082 errores,
1445 992 1651 1084 specierum
1683 1005 1790 1066 notas
1814 996 2037 1086 obruentes,
2076 998 2190 1070 relu-

591 1124 693 1197 terit.

680 1256 724 1327 ln
749 1258 1009 1351 Zoologiae
1029 1258 1269 1332 Auctariis
1293 1259 1368 1328 suis
1386 1279 1524 1330 norum
1549 1261 1740 1352 proposuit
1763 1283 1894 1351 genus,
1920 1259 2188 1356 Ssccopbo·

582 1413 684 1462 rum
712 1389 877 1485 (Murem
902 1385 1299 1489 burs'ariumShaw.),
1326 1402 1364 1460 et
1391 1390 1553 1471 diuersas
1579 1381 1829 1464 inanimalium
1853 1413 1967 1464 novas
1991 1396 2190 1487 speciesin

583 1509 704 1594 lucem
739 1524 947 1616 protraxit,
993 1523 1044 1594 ita
1081 1536 1122 1594 ut
1155 1525 1370 1618 priusquam
1395 1547 1442 1594 cx
1466 1523 1619 1619 Europa
1644 1524 1889 1613 discessisset,
1927 1526 2002 1600 iam
2025 1528 2186 1598 indicem

581 1655 834 1727 mammalium
872 1657 996 1726 multis
1023 1657 1127 1729 nouis
1154 1656 1320 1747 auxerit,
1349 1655 1395 1724 ad
1420 1677 1514 1748 quse
1538 1658 1577 1728 in
1600 1657 1690 1730 lava
1713 1657 1812 1728 haud
1835 1658 1948 1728 dubie
1973 1681 2083 1751 quam
2103 1660 2186 1755 plu·

583 1767 676 1858 rima
702 1789 773 1857 alia
801 1788 991 1857 additurus
1018 1783 1157 1860 fuisset.

663 1901 758 1990 'sed
792 1922 955 1990 omnium
992 1931 1145 1989 naturae
1179 1921 1355 1990 historiae
1397 1918 1558 2011 partium
1591 1919 1760 2012 inprimis
1796 1919 2183 2016 Ornithologium

583 2055 740 2127 inventis
778 2057 852 2122 suis
886 2041 1148 2147 locupletavit,
1200 2075 1292 2145 quae
1334 2074 1424 2124 vero
1455 2051 1633 2145 pleraque
1667 2052 1903 2124 coniunctim.
1923 2077 2006 2126 cum
2043 2055 2185 2124 Tem·

554 2286 557 2291 ¹
585 2187 820 2273 minckio,
848 2188 931 2258 viro
958 2187 1310 2274 celeberrimo,
1337 2183 1517 2278 perfecit,
1553 2209 1670 2278 eoque
1695 2185 1835 2258 dudum
1861 2188 1899 2263 iu
1924 2187 2184 2280 perlustrando

584 2301 823 2392 Lathamii
849 2319 1012 2388 Iudice
1047 2330 1248 2410 occupato,
1289 2318 1357 2385 hac
1391 2318 1438 2386 de
1462 2318 1615 2386 materia
1638 2318 1747 2423 plura
1771 2341 1884 2389 mauu
1908 2343 1973 2388 sua
1997 2343 2074 2388 non
2106 2321 2183 2387 edi-

586 2455 663 2544 dit5
707 2453 845 2523 scilicet
886 2474 934 2522 ne
978 2453 1083 2545 illum
1116 2452 1378 2546 praeveniret,
1429 2458 1494 2517 aut
1532 2447 1624 2548 sibix
1641 2471 1790 2521 sumere
1830 2442 2043 2541 rideretur,
2087 2475 2183 2544 quae

582 2585 646 2657 ille
671 2583 879 2657 invenisset.

682 2717 881 2788 Praeterea
913 2727 1037 2788 autem
1070 2709 1279 2809 conscripto
1311 2715 1432 2787 indice
1467 2715 1514 2786 ad
1538 2713 1764 2787 Bulfonii
1788 2715 1993 2809 Figurae
2023 2717 2182 2812 pictas

585 2851 695 2948 aviu
709 2873 758 2937 m,
787 2874 894 2942 quem
917 2873 1000 2920 cum
1026 2848 1105 2918 eius
1122 2871 1301 2918 consensu
1320 2849 1654 2920 Swinderenus
1679 2849 1784 2943 prelo
1803 2850 1984 2938 submisit,
2012 2851 2058 2921 de
2076 2854 2181 2920 omni

587 2981 832 3074 ornithologia
864 2985 1017 3052 meritus
1049 2991 1114 3050 est.
1149 2979 1233 3085 Hoc
1250 2980 1476 3090 ⁸Bufsonii
1502 3005 1607 3075 opus,
1635 2982 1736 3080 qnod
1760 2981 1807 3052 ad
1831 2993 1950 3053 totum
1975 2984 2099 3056 arium
2118 3008 2179 3051 co

523 3149 531 3156 ·
585 3115 795 3210 guinitionis
812 3114 1044 3206 complexum
1058 3115 1208 3202 attinet,
1234 3113 1358 3184 multis
1376 3115 1455 3182 aliis
1477 3114 1642 3183 eiusdem
1661 3115 1806 3205 generis
1827 3113 1999 3206 operibus
2016 3125 2181 3207 praestat

584 3269 802 3341 semperque
828 3245 1037 3339 praestabit.
1088 3245 1162 3318 Sed
1187 3247 1312 3337 quanti
1337 3247 1445 3338 pretii
1470 3244 1595 3316 forent
1613 3245 1683 3315 hae
1702 3237 1850 3316 tabulae
1870 3246 1952 3316 sine
1965 3247 2181 3325 nominibus

584 3375 852 3474 systematicis?
887 3373 992 3447 llaec
1028 3378 1147 3447 omnia
1184 3377 1344 3446 Kuhlius
1376 3376 1515 3450 evolsit
1538 3388 1822 3472 accuratumque
1846 3377 2057 3450 tabularum
2081 3401 2178 3480 exa:

537 3519 541 3528 '
585 3535 671 3584 men
696 3513 837 3582 adiecit.

622 3613 634 3634 Ι
685 3644 883 3714 Praetereo
918 3618 1305 3736 Monographidm
1337 3642 1483 3734 scripsit
1515 3641 1828 3713 Psittecorum
1855 3638 1916 3734 ⁴¹),
1944 3642 1983 3710 iu
2009 3661 2080 3733 qua
2106 3639 2177 3707 du-

512 3825 514 3829 *
584 3749 706 3848 centris
742 3778 879 3872 specics
912 3777 1096 3847 recensuit
1110 3800 1120 3867 ;
1159 3775 1257 3845 haud
1281 3773 1490 3866 spernendo
1510 3745 1671 3844 'numero
1697 3772 1859 3863 aarum,
1886 3793 1975 3868 quus
2008 3771 2173 3864 volipes

585 3913 770 4002 distinxit,
822 3911 882 3983 vel
921 3933 993 3979 una
1032 3931 1115 3979 oum
1151 3905 1476 3994 Tammiuckio
1511 3906 1662 3998 eiusque
1695 3927 1808 4000 opera
1843 3903 2013 3998 cognorit
2037 3914 2076 3973 et
2098 3927 2177 3974 no-

585 4043 750 4112 minavit.

607 4265 610 4270 ¹
693 4173 814 4243 Porro
866 4174 904 4243 in
951 4173 1195 4244 Auctariie
1250 4170 1326 4241 suis
1372 4169 1764 4264 Monographiam
1820 4168 1978 4241 difficilis
2028 4169 2178 4260 generis
2279 4214 2285 4230 ·

584 4305 908 4377 Procellariae
942 4307 1088 4399 scripsit
1122 4317 1160 4374 et
1184 4325 1321 4376 nouum
1347 4327 1370 4373 a
1394 4325 1433 4374 se
1457 4305 1540 4398 ipso
1562 4305 1753 4378 inventum
1781 4325 1911 4396 genus:
1944 4301 2176 4372 Ptilono-

583 4435 843 4533 rhynchus,
870 4434 1063 4508 exstruxit.
1510 4525 1516 4538 l

683 4571 853 4664 Denique
882 4571 920 4641 in
957 4571 1037 4664 ipso
1072 4571 1231 4659 itinere,
1270 4569 1359 4640 dum
1395 4567 1436 4637 in
1469 4568 1593 4640 laram
1616 4567 1940 4663 proficiscebatur,
1978 4577 2015 4636 et
2040 4568 2080 4636 in
2104 4567 2176 4638 hac

582 4703 702 4775 insula
725 4704 803 4798 ipsa
828 4704 1110 4790 ianr-uersatus,
1137 4701 1255 4771 multa
1278 4700 1350 4769 alia
1379 4694 1570 4794 praeclara
1590 4725 1639 4772 ex
1668 4704 1777 4773 huius
1803 4700 2015 4794 disciplinae
2032 4699 2179 4772 ambitu

581 4837 743 4928 invenit,
764 4803 930 4931 'quorum
958 4841 1094 4903 autem·
1108 4856 1182 4903 non
1204 4833 1275 4902 nisi
1300 4834 1485 4903 minorem
1508 4845 1652 4926 partem
1678 4835 1795 4903 adhuc
1822 4834 2001 4907 norimus.

582 5010 843 5027 m

634 5078 665 5144 ¹¹)
683 5077 757 5129 Acta
776 5076 864 5132 Aeas.
884 5077 967 5133 Caes.
988 5073 1076 5144 [ουρ.
1095 5073 1160 5129 car.
1181 5072 1249 5129 Nat.
1267 5073 1335 5132 Cur.
1355 5075 1423 5132 Vol.
1440 5074 1476 5134 X.
1496 5075 1565 5130 Pars
1583 5073 1608 5134 1.
1627 5092 1690 5144 pag.
1711 5085 1752 5135 11.
1772 5092 1837 5145 sqq.
1892 5136 1895 5146 Δ
