4692 6142
1726 658 1814 742 χιιι

210 849 418 914 monstrare
444 837 789 914 commmendare:
821 835 859 904 in
886 834 957 906 boc
981 835 1050 906 toti
1074 809 1205 925 erant,
1232 836 1271 903 id
1296 809 1446 906 strenus
1472 836 1641 926 agebant
1663 837 1806 914 ‘Pares

210 973 396 1046 librorum
409 979 453 1042 et
471 992 597 1042 rerum
614 968 839 1040 naturalium
851 983 1069 1064 praeparata
1086 969 1278 1062 suppellex
1301 971 1339 1040 in
1365 969 1471 1041 donis
1495 970 1654 1070 maxime
1678 994 1811 1046 versa-

210 1108 323 1179 batur
348 1105 595 1197 collegarum,
623 1089 716 1198 quas
742 1111 885 1196 gratam
909 1103 1136 1177 voluntatem
1153 1104 1409 1199 animumque,
1434 1125 1511 1176 non
1529 1101 1644 1174 oculis
1659 1103 1808 1202 quidem

214 1237 429 1330 sedecimo
454 1248 708 1330 praesentem,
736 1235 995 1328 significantia,
1022 1235 1131 1328 longe
1155 1237 1312 1308 abluere
1338 1239 1385 1309 ab
1409 1241 1689 1332 castrogautia,
1712 1261 1808 1336 qnae

213 1371 373 1464 primum
406 1392 555 1465 semper
587 1369 709 1441 locum
734 1371 894 1464 appetit3
933 1393 1053 1465 neque
1079 1374 1223 1466 argenti
1247 1372 1374 1462 dotes,
1409 1393 1504 1467 quae
1528 1371 1685 1459 diversis
1706 1384 1809 1446 tern-

213 1506 362 1598 poribus
388 1505 449 1578 vel
474 1507 587 1598 dono,
615 1506 676 1582 vel
699 1505 844 1600 legatis,
869 1505 1089 1578 Academiae
1127 1504 1403 1592 offerebantur,
1435 1506 1529 1576 tanti
1555 1504 1680 1597 erant,
1713 1531 1810 1606 ques

216 1637 385 1710 Praesidi
409 1639 522 1714 aliive
541 1663 563 1710 e
585 1641 771 1712 sociorum
795 1663 952 1712 numero
976 1619 1154 1736 peculiari
1180 1641 1264 1710 usui
1282 1663 1377 1732 esse,
1406 1640 1467 1715 vel
1492 1642 1603 1712 etiam
1629 1643 1812 1715 maiorem

213 1777 410 1847 doctorum
444 1775 612 1850 virorum
647 1752 844 1846 numerum
878 1775 918 1844 in
951 1773 1047 1846 solas
1081 1773 1304 1847 Academiae
1337 1797 1398 1846 res
1433 1769 1543 1868 etque
1566 1774 1712 1846 labores
1738 1776 1812 1848 ob-

212 1910 394 2002 stringere
419 1895 603 2003 stipendio
629 1921 799 2002 possent;
827 1931 953 1980 omnes
978 1907 1201 1982 Academiae
1225 1908 1366 1980 reditus
1400 1908 1673 1981 inlitteratum
1699 1929 1807 1982 com·

215 2045 380 2134 morcio,
407 2045 448 2114 in
472 2041 573 2117 Actis
598 2041 749 2127 edendis
774 2046 1097 2116 consumebantur.

330 2209 461 2306 ltaque
486 2212 525 2282 in
568 2212 744 2307 operibus
778 2213 1014 2307 Collegarum
1050 2206 1524 2308 conquirendisspreloque
1554 2190 1815 2276 submittendis

200 2317 361 2424 ,summa
385 2368 532 2439 semper
557 2347 675 2440 posita
700 2359 782 2417 erat
806 2346 977 2418 laborum
1004 2357 1041 2418 ct
1071 2347 1304 2439 negotiorum
1330 2340 1573 2438 Academiae,
1606 2359 1699 2433 quae
1724 2346 1814 2408 uta

216 2479 398 2574 pluribus,
426 2481 457 2550 si
483 2479 565 2550 fieri
590 2493 724 2574 posset,
739 2481 973 2578 ‘locupletata
999 2492 1037 2552 et
1061 2481 1200 2567 limata,
1224 2490 1268 2547 ut
1293 2476 1423 2545 ordine
1443 2485 1546 2543 certo
1574 2483 1612 2541 et
1628 2481 1813 2566 tempore,

217 2625 259 2684 ut
284 2638 352 2709 pro
377 2615 450 2696 loci
481 2603 741 2709 aeviquc'arte
777 2628 814 2688 et
845 2629 953 2704 gustu
980 2615 1143 2685 ornatius
1176 2609 1384 2702 prodirent,
1410 2618 1533 2675 tantae
1555 2624 1669 2672 curae
1695 2591 1817 2672 habe-

215 2749 325 2838 bant,
359 2761 403 2820 ut
424 2748 730 2840 'Ephemeridum
763 2749 990 2819 edendarum
1022 2747 1286 2832 Directorem,
1329 2742 1451 2837 prima
1482 2735 1566 2836 po'st
1596 2727 1822 2809 Praesident¹²

221 2881 398 2973 dignitate
422 2879 561 2968 virum,
589 2904 635 2949 ex
660 2861 929 2951 Adiunctorum
956 2880 1110 2971 collegio
1136 2878 1412 2946 constituerent.

289 3061 294 3070 -
322 3010 453 3082 Talem
480 3002 617 3092 fu'isse,
644 3035 793 3108 neque
828 3011 968 3083 aliam
993 3034 1188 3106 unquam
1215 2986 1421 3078 existere
1448 3002 1813 3098 potuisssen-

218 3161 406 3218 ttAmcaa
441 3147 620 3214 nomine
652 3137 988 3250 Academiam,
1010 3148 1091 3240 quis
1124 3156 1202 3234 est,
1248 3142 1310 3238 qui
1346 3133 1519 3210 dubitet?
1557 3133 1680 3208 Valde
1711 3133 1813 3220 enim

219 3279 366 3360 diversa
397 3291 455 3351 est
476 3263 648 3352 ¹conditio
682 3281 762 3351 eius
779 3312 782 3340 ι
797 3279 1032 3368 Academiae,
1073 3302 1166 3373 quae
1203 3275 1350 3374 publico
1386 3295 1474 3342 aere
1498 3277 1712 3358 sustentata,
1733 3265 1814 3357 udo·

219 3403 468 3486 ctissimorum
493 3427 533 3486 et
551 3409 955 3509 praestantissimorum
972 3413 1140 3488 virorum
1153 3410 1255 3505 quasi
1273 3417 1439 3479 senatum
1455 3415 1689 3498 perpetuum,
1713 3419 1817 3477 eume

219 3572 292 3645 que
318 3549 456 3644 optimo
489 3573 708 3666 quocunque
743 3561 783 3619 et
816 3550 998 3620 librorum
1030 3557 1068 3618 et
1098 3547 1428 3614 instrumentorum
1453 3551 1523 3607 etc.
1550 3543 1726 3629 apparatu
1751 3533 1816 3602 in

220 3693 424 3775 structum,
453 3685 726 3774 constituit,-
754 3695 792 3753 et
824 3684 935 3753 aliam
971 3684 1069 3756 viam
1104 3680 1174 3750 sibi
1180 3676 1342 3772 eligere
1374 3673 1485 3744 debet
1508 3670 1602 3761 illa,
1631 3691 1739 3762 quaa,
1767 3665 1816 3746 ad

218 3826 367 3887 nostrae
400 3815 620 3888 Academiae
654 3817 877 3914 exemplum,
914 3827 1134 3909 spontaneos
1169 3809 1305 3902 ingenii
1331 3805 1496 3898 fructus,
1532 3801 1628 3898 apud
1653 3799 1814 3894 aliquem

220 3926 399 4043 populum
433 3913 637 4044 dispersos,
676 3950 851 4044 colligere
886 3947 1038 4043 suscipit
1069 3957 1178 4042 atqua
1214 3945 1325 4014 ctiam
1352 3962 1567 4034 provocare.
1617 3934 1739 4030 Atque
1763 3932 1821 4014 illi

226 4083 373 4184 quidem
400 4047 485 4154 cum
511 4083 722 4154 excolendis
734 4093 858 4179 atque
883 4079 1145 4174 amplificandis
1170 4078 1332 4148 scientiis
1357 4074 1518 4145 maxime
1539 4067 1818 4142 inserviendum

223 4216 284 4304 sit,
313 4241 472 4314 opesque
497 4215 709 4288 tribuuntur
733 4229 770 4286 et
803 4216 940 4306 omnia,
971 4216 1102 4310 quibus
1127 4214 1252 4285 iuncta
1287 4209 1452 4303 plurium
1484 4206 1521 4279 vi
1549 4215 1587 4273 et
1611 4202 1749 4279 virtute
1772 4198 1819 4275 a'd

223 4369 267 4416 ca
291 4373 330 4419 se
362 4354 547 4444 accingat,
586 4375 679 4448 quae
706 4349 852 4459 perfici
860 4374 883 4419 a
907 4349 1057 4443 singulis
1084 4354 1284 4440 nequeunt,
1311 4341 1493 4434 sequitur,
1517 4359 1603 4405 eam
1628 4357 1703 4404 non
1728 4330 1831 4426 ptus

224 4483 361 4552 rimunr
385 4486 425 4554 in
457 4456 608 4558 edendis
642 4485 747 4557 libris
773 4486 937 4574 versari,
971 4494 1037 4562 aut
1061 4483 1213 4554 nimium
1242 4477 1363 4547 esuis
1388 4475 1428 4542 in
1453 4472 1558 4543 istam
1585 4467 1816 4592 provinciam

222 4638 330 4710 posse
355 4615 539 4735 conferre,
565 4643 614 4692 ns
637 4621 860 4712 dissipentur
884 4619 984 4691 vires
1008 4627 1046 4688 et
1071 4637 1173 4710 opes,
1200 4635 1297 4685 neve
1315 4610 1464 4682 aberret
1486 4607 1536 4676 ab
1551 4602 1716 4680 instituto
1732 4624 1815 4690 suo,

225 4749 314 4818 dnm
336 4749 531 4824 scribendo
556 4753 616 4824 vel
632 4751 879 4848 imprimendo
897 4749 1013 4822 libros
1032 4749 1187 4844 gloriam
1210 4746 1281 4815 sibi
1305 4742 1394 4816 velit
1414 4758 1609 4835 quaerere,
1638 4733 1818 4804 debeatne

221 4882 332 4972 iussa,
369 4880 510 4952 scilicet
540 4907 634 4976 quae
658 4886 716 4960 rel
742 4885 970 4983 paucissimis
994 4884 1270 4974 verborumque
1295 4898 1440 4947 summo
1464 4869 1698 4965 compendio,
1725 4888 1816 4965 gra·
1858 4892 1862 4898 ·

224 5013 373 5088 tissima
387 5037 581 5108 suaopera
604 5016 719 5112 possit
742 5017 1001 5090 commendare
1026 5027 1064 5090 at
1089 5015 1193 5091 ouius
1210 4987 1353 5083 fructus
1379 5025 1558 5078 annuos
1581 5012 1814 5094 exspectare,

224 5147 387 5243 imperiti
411 5148 511 5222 soret
536 5162 646 5244 atque
671 5153 883 5225 eruditionis
910 5175 1020 5228 verae
1055 5147 1228 5246 expertis.
1280 5141 1481 5216 Celebrant
1505 5159 1590 5208 suos
1615 5141 1817 5209 conventus
