4692 6142
507 574 558 653 ao
833 564 1128 659 Memmmt,
1153 560 1289 637 Penta
1312 579 1366 635 en
1390 555 1786 651 Wmn-Nnnwrnn,

511 767 714 884 oblongis
739 762 938 855 breviter
963 761 1223 853 acuminatis
1245 754 1588 877 pubescentibus
1613 754 1874 844 fulciuntur.
1928 754 2111 847 Perian-

508 915 654 1005 thium
679 909 870 1001 artorius
895 906 1151 997 tubulorum
1177 890 1244 994 est
1277 926 1321 992 et
1347 925 1504 1010 tenue,
1545 899 1683 1015 magis
1721 898 2109 989 membranaceum

510 1084 644 1177 atque
686 1052 914 1160 subtilius,
961 1078 1097 1170 quam
1130 1044 1465 1165 praecedentis,
1507 1042 1659 1161 paullo
1694 1074 1876 1167 qnoque
1916 1043 2110 1133 brevius.

511 1200 642 1291 Labii
668 1195 855 1286 laciniae
881 1192 1108 1281 breviores
1132 1212 1236 1278 sunt
1260 1210 1306 1277 et
1329 1188 1524 1277 obtusae.

630 1338 767 1432 Adn.
801 1367 842 1423 2.
901 1332 962 1421 Et
986 1332 1033 1420 in
1059 1332 1126 1419 bis
1153 1352 1399 1419 structurae
1421 1330 1584 1416 florum
1603 1322 1842 1417 essentialis
1859 1336 2110 1449 perspectio

511 1478 714 1569 nondum
739 1474 939 1583 suffecit,
975 1472 1033 1562 ad
1058 1472 1382 1580 characterem,
1410 1473 1477 1560 bis
1495 1468 1669 1559 duabus
1688 1472 1940 1589 plantarum
1954 1473 2110 1562 formis

487 1624 717 1741 adeoque
743 1618 937 1733 cognatis
973 1644 1283 1729 communem,
1314 1638 1407 1704 tute
1433 1611 1763 1705 stabiliendum.
1977 1600 1981 1605 ⁸

498 1798 504 1815 ·
610 1762 746 1853 Circa
776 1758 895 1849 viam
926 1755 1328 1846 Felisbertiam
1357 1788 1506 1847 mense
1533 1758 1774 1848 Decembri
1811 1757 1935 1850 tdad.

936 2003 1639 2153 ‘Polygoneaa

813 2212 1138 2305 Coccoloba
1181 2214 1547 2311 bras'iliensis
1590 2215 1645 2313 N.
1676 2238 1721 2357 et
1746 2216 1809 2307 M.

631 2378 685 2495 C.
722 2402 844 2492 foliis
875 2402 1082 2519 ellipticis
1113 2401 1280 2491 obtusis
1300 2402 1397 2493 basi
1425 2401 1649 2513 cordatis,
1694 2404 1878 2493 racemis
1903 2407 2113 2515 erectis,

636 2548 826 2637 Descr.
917 2542 1230 2635 Arborescens.
1307 2544 1436 2636 Rami
1487 2532 1756 2652 dichotomi,
1818 2546 2109 2653 crassiuscnli,

516 2692 681 2780 'cortice
716 2691 893 2779 cinereo
928 2688 1104 2775 rimosa.
1163 2688 1294 2776 Folia
1336 2687 1649 2798 sescuncialia,
1706 2689 1902 2797 alterna,
1953 2717 2108 2795 crassa,

517 2825 752 2938 coria'cea,
777 2944 781 2953 ⁸
805 2830 1024 2948 elliptica,
1076 2829 1200 2947 apice
1233 2832 1469 2923 rotundata
1521 2858 1566 2924 et
1617 2833 1808 2951 saepius¹
1827 2837 2118 2981 emarginata,

326 2965 334 2980 ⁶
394 3012 395 3017 ¹
512 2979 608 3065 basi
658 2974 863 3081 cordata,
936 2972 1106 3090 petiolo
1135 2972 1348 3065 bilineari
1398 3005 1542 3064 crasso
1576 2974 1753 3085 innixa,
1809 2972 2114 3092 integerrima,

515 3116 699 3232 glabra,
743 3113 896 3201 subtus
936 3114 1424 3232 reticulato-punctam.
1484 3118 1639 3237 Spicea
1662 3117 2116 3269 'terminalesffl-ti

402 3262 411 3283 '
510 3261 695 3377 pollices
726 3258 909 3372 longae,
977 3281 1173 3368 erectae,
1226 3262 1398 3348 crasitia
1429 3291 1600 3380 pennae
1631 3261 1886 3373 anserinae3
1933 3243 2119 3352 floribus

514 3380 732 3489 ciinfertis
792 3397 1148 3488 subverticillatis
1193 3401 1484 3492 flavescenti·
1503 3401 1679 3491 albidis.
1771 3402 1975 3494 Altitudo
2027 3403 2116 3510 aa

513 3543 745 3659 pedum(
985 3588 996 3599 ·
1486 3524 1492 3535 ·
1908 3642 1915 3653 ,
1991 3592 2017 3631 e·
2097 3550 2109 3571 ⁰

623 3685 757 3773 Circa
790 3682 949 3790 Vulos,
1004 3678 1051 3769 in
1082 3683 1288 3798 regione,
1339 3684 1500 3804 Campo
1523 3687 1649 3807 geral
1671 3685 1803 3776 dicta.
1826 3734 1890 3758 ··-
1914 3688 1964 3775 ln
1990 3693 2114 3777 omni

512 3830 606 3917 sere
648 3829 798 3916 littore
830 3826 1028 3935 Oceani,
1054 3828 1145 3921 ,ad
1193 3828 1404 3937 Babiam,
1472 3832 1817 3947 Maragnanum,
1862 3826 1993 3940 Parit,
2034 3856 2116 3923 etc.
2243 3942 2251 3962 .

513 4004 542 4056 o
571 3973 829 4059 Martius.

630 4110 823 4199 Adnot.
883 4112 921 4199 A
947 4048 1270 4203 Coccoloba
1299 4114 1500 4230 gracili
1528 4114 1584 4203 Η.
1600 4140 1645 4205 et
1671 4114 1827 4204 Kuntb
1855 4145 1900 4211 n.
1930 4114 2045 4206 Gen.
2071 4143 2118 4209 et

511 4257 584 4373 Sp.
616 4253 716 4343 Vol.
746 4254 803 4357 ΙΙ.
832 4286 876 4373 p.
914 4256 1021 4371 141..
1041 4256 1190 4345 differt
1219 4255 1339 4344 foliis
1370 4257 1562 4347 cordatis
1588 4257 1863 4380 floribusque
1891 4259 2080 4376 spicatis.

877 4446 1839 4667 Chenopodhmeaa'
1982 4540 1987 4552 '

967 4724 1169 4815 Rivina
1200 4729 1409 4817 affinis
1438 4730 1494 4820 N.
1524 4752 1570 4820 et
1600 4728 1661 4819 M.

631 4877 681 4966 li.
712 4876 888 4993 glabra,
918 4876 1039 4967 loliis
1064 4881 1203 4969 ovatis
1228 4882 1487 4970 acuminatis
1516 4882 1714 4975 obsolete
1738 4886 1975 4978 crenulatit
2000 4912 2115 4974 mar·

433 5010 437 5017 ’
515 5020 613 5135 gine
644 5020 800 5131 nudis,
848 5022 1033 5113 racemis
1063 5024 1349 5145 aequalibus,
1387 5024 1527 5117 calice
1556 5024 1782 5119 bilabiato.
