4692 6142
515 588 701 661 Recenaio
731 584 920 656 Gestarum
937 574 1137 651 Barbula«
1158 587 1197 647 et
1216 574 1470 667 Syntriclriae.
1719 580 1792 657 205

251 788 411 861 'Postula
434 788 617 883 spiculata
643 786 795 857 Turner
819 777 979 853 Hibera.
1006 776 1068 865 46.

328 940 345 976 a
437 911 587 982 humilis
613 908 802 978 Eiusdem.
828 905 852 973 l.
878 930 907 973 c.
933 906 994 990 45.

196 1012 204 1031 ’
249 1033 391 1127 Bryum
444 1032 741 1103 mucronulatum
772 1025 976 1100 Hoffmann
1010 1022 1202 1097 Deutschl.
1231 1024 1286 1096 Fr.
1309 1023 1359 1099 ΙΙ.
1386 1028 1446 1111 44.
1509 1104 1518 1119 Ι

326 1186 343 1221 «
445 1154 715 1250 unguiculatum
739 1150 869 1221 Dillen
887 1149 988 1220 Hist.
1013 1148 1132 1228 Maso.
1162 1149 1245 1219 585.
1275 1157 1302 1217 t.
1326 1149 1386 1233 48.
1414 1146 1443 1222 f.
1463 1148 1528 1229 48.

316 1335 511 1421 Habitat·
531 1334 577 1417 in
615 1330 801 1419 collibus
835 1328 1074 1443 argillosis,
1125 1327 1290 1431 muris,
1328 1326 1410 1413 viis
1437 1328 1551 1413 cavis
1585 1306 1790 1441 glareosis

198 1478 331 1565 totius
359 1475 579 1589 Europae.
611 1497 643 1567 tt
1208 1454 1212 1459 ⁸

315 1650 474 1739 Caules
507 1646 696 1732 conferti
719 1648 860 1733 stricti
890 1642 1212 1753 semiunciales,
1245 1676 1372 1762 saepe
1400 1648 1621 1755 unciales,
1661 1646 1792 1737 divisi
1834 1701 1841 1718 ·

194 1795 266 1880 vel
292 1792 481 1899 ramosi,
532 1788 639 1874 folia
666 1813 811 1876 erecta
837 1792 1015 1895 stricta,
1043 1822 1066 1875 e
1087 1791 1182 1875 basi
1204 1812 1329 1913 ovata
1350 1792 1578 1903 vaginante
1601 1791 1790 1908 oblonga

89 2020 95 2029 ,
194 1966 227 2017 s.
260 1933 716 2047 oblongo-lanceolata
748 1934 928 2038 obtusa,
972 1960 1108 2018 nervo
1140 1926 1492 2017 susco'breviter
1530 1960 1787 2023 excurrente

195 2099 479 2179 mucronata,
528 2075 651 2161 basin
698 2106 846 2162 versus
885 2074 982 2189 plns
1025 2076 1169 2159 minus
1201 2075 1396 2185 margine
1425 2072 1606 2180 reflexa,
1666 2080 1788 2191 apice
1852 2065 1861 2073 ⁸

193 2217 353 2329 plana,
385 2218 553 2304 intense
573 2216 765 2316 viridia,
784 2216 1009 2301 inferiora
1035 2245 1161 2328 saepe
1189 2187 1309 2299 fusca
1335 2216 1405 2302 vel
1433 2215 1666 2327 decolora,
1700 2242 1789 2304 seta

194 2383 397 2471 respectu
427 2360 573 2442 brevis
604 2360 677 2442 vix
707 2355 1006 2441 semiuncialis
1037 2356 1196 2441 tortilis
1228 2354 1621 2479 fusco-purpurea,
1666 2392 1688 2444 e
1722 2393 1788 2445 ra-

193 2499 275 2581 mis
308 2500 573 2615 plerumque
615 2497 807 2583 lateralis
830 2488 910 2581 ⁸rel
941 2528 964 2581 e
1000 2495 1271 2584 dichotomia
1303 2498 1462 2607 caulis,
1510 2496 1789 2614 cheragrau-

193 2638 394 2722 diuscula
424 2640 614 2751 oblonga
640 2671 672 2732 s.
699 2635 1030 2750 suhcylindrica
1055 2635 1282 2745 brunnam
1325 2615 1588 2751 opercultirn
1615 2646 1790 2731 conico·

192 2778 443 2863 subulatum
465 2805 709 2867 curvatum.
727 2776 1008 2865 -Ditficilis
1023 2809 1125 2865 sane
1155 2778 1408 2897 arduusque
1436 2762 1562 2868 labor
1583 2787 1786 2887 esthuius
1849 2766 1866 2888 J

195 2943 237 3005 et
265 2919 313 3004 B.
343 2920 593 3035 cuspidatae
632 2952 876 3036 synonyma
905 2951 1061 3007 eruere
1095 2921 1271 3039 riteque
1302 2916 1678 3033 colloca're,rhum
1712 2960 1786 3017 au·

167 3085 339 3180 ‘torum
372 3061 556 3176 plurimi
590 3095 660 3183 eas
690 3096 780 3147 non
811 3064 955 3177 specie
986 3060 1268 3149 distinxerint
1298 3061 1490 3185 ideoque
1520 3070 1565 3153 in
1593 3054 1786 3189 descrip-
1846 3130 1851 3139 ·

193 3202 386 3286 tionibus
424 3206 511 3287 suis
543 3219 643 3287 mox
673 3205 786 3290 hanc
816 3235 917 3288 mox
944 3204 1066 3289 iliam
1100 3229 1199 3293 ante
1232 3206 1383 3293 oculos
1410 3208 1657 3298 habuerint.
1717 3216 1783 3303 De

192 3338 295 3457 ipsis
324 3342 570 3428 Dillenii
602 3345 755 3458 figuris
787 3342 1067 3432 dissentiunt:
1104 3347 1374 3436 Smithius
1406 3360 1556 3470 etqui
1587 3388 1689 3443 eum
1720 3390 1785 3446 se·

191 3485 321 3599 qunti
350 3485 626 3613 sunt,.Tab.
654 3489 725 3586 48.
753 3488 783 3571 s.
815 3490 886 3600 49.
913 3489 1005 3573 'huc
1033 3487 1255 3597 referunt,
1287 3492 1606 3608 Hedwigius
1634 3526 1786 3589 contra

193 3622 223 3703 f.
254 3626 326 3736 47.
367 3628 525 3740 elegit,
567 3627 790 3716 Schwa'
841 3619 1090 3715 ichenio
1119 3634 1265 3719 etiam
1295 3634 1578 3726 adsentiente.
1639 3644 1783 3733 Ηοο-

192 3763 357 3849 kerus
386 3790 529 3851 autem
557 3766 627 3879 fig.
658 3772 717 3873 48
748 3660 892 3885 Qu
924 3770 974 3855 A.
1008 3772 1228 3881 laudavit,
1262 3802 1438 3865 etracte
1466 3783 1667 3900 quidem,
1709 3822 1778 3879 me

192 3902 367 4011 iudice,
423 3904 593 3991 habitus
633 3914 806 3997 strictus
852 3914 1075 4000 consertus
1126 3917 1345 4027 robustus,
1379 3956 1512 4041 quem
1542 3925 1683 4042 figura·
1709 3938 1782 4039 48.

192 4046 423 4158 exprimit,
455 4077 559 4161 prae
592 4048 689 4133 aliis
717 4077 889 4139 nostrae
911 4058 1073 4169 speciei
1101 4064 1322 4167 convenit,
1356 4095 1455 4153 cunr
1483 4059 1632 4157 contra
1657 4074 1691 4159 i.
1709 4080 1781 4191 49.

191 4186 241 4272 Β.
275 4188 603 4299 cuspidatae
634 4199 780 4303 potius
803 4197 1411 4318 respondeat-Numerosa
1443 4208 1686 4325 Anglnrum
1713 4250 1781 4331 sy·

192 4356 388 4438 nonyma
421 4328 515 4416 Cel.
557 4331 803 4416 Hoolreri
832 4342 1090 4425 auctoritate
1122 4346 1293 4451 adieci,
1331 4350 1424 4463 'qui
1455 4378 1659 4441 autorum
1684 4390 1780 4475 spe·

194 4470 357 4553 cimina
393 4499 436 4553 se
464 4475 724 4556 examinasse
756 4471 972 4586 affirmat,
1020 4480 1072 4565 Τ.
1104 4482 1423 4593 barbatarn,'a
1456 4494 1678 4587 Dicksono
1711 4536 1779 4587 ac·

194 4634 381 4721 ceptam,
412 4589 756 4698 Schradesus'
779 4614 993 4705 benevole
1027 4630 1393 4735 communicavit,
1437 4666 1548 4749 quae
1576 4672 1664 4724 non
1693 4646 1778 4729 nisi
1886 4654 1894 4667 “

191 4749 311 4839 foliis
337 4750 487 4864 paullo
512 4751 741 4844 latioribus
767 4782 809 4843 et
836 4758 959 4843 theca
987 4759 1453 4877 robustioremecedit3
1492 4775 1674 4863 Tortula
1693 4784 1776 4868 ito-

193 4892 309 4977 milis
354 4912 499 4977 tamen
533 4924 556 4975 e
590 4893 737 4978 verbis
772 4896 1012 4985 Turneri
1048 4903 1119 4987 vix
1155 4901 1284 4989 huius
1315 4908 1402 4994 loci
1429 4910 1624 5005 videtur)
1673 4926 1776 5023 vid,

191 5033 273 5117 sub
319 5032 470 5116 Barb.
530 5032 722 5118 humili
779 5036 994 5130 adnotata.
1050 5092 1111 5109 -
1158 5012 1264 5131 icon
1323 5050 1518 5141 Hoolreri
1565 5062 1773 5154 sotiorum
