4692 6142
726 610 889 705 Beitrog
913 626 983 683 zur
1007 605 1126 683 Ftom
1150 606 1378 681 Broeiliem.
1438 592 1443 597 ’
1746 550 1763 583 ⁸
1799 578 1893 712 333

351 806 423 901 ·Ut
462 804 819 923 iners‘lSloauei
849 793 946 893 hist.
984 836 1019 891 r.
1047 765 1093 923 {i
1132 807 1227 911 tad.
1258 826 1289 891 t
1321 800 1455 902 83.,f.
1490 832 1529 886 2.
1540 862 1555 907 ,
1586 780 1850 887 verosi-mili·
1889 778 1908 800 ’

144 1020 149 1031 .
249 980 323 1076 ter⁶
347 956 479 1041 etiam
509 951 715 1037 Brownei
744 949 849 1035 Iam.
883 950 1020 1066 337:-.
1434 935 1476 1068 ’γ
1865 1036 1870 1044 ,

361 1100 418 1189 U.
463 1096 694 1200 herbacea,
725 1092 844 1179 soliis
878 1096 1087 1211 oppositis
1137 1092 1291 1180 'oratis
1347 1086 1850 1200 (subrotundo-ovatis)

250 1239 387 1329 acutis
419 1269 563 1353 grosse
595 1238 769 1323 serratis
796 1237 947 1323 subtus
979 1235 1220 1355 punctatis,
1277 1230 1449 1345 stipulis
1492 1230 1698 1344 ellipticis
1740 1230 1849 1316 inte·

249 1381 479 1497 garrimis,
526 1375 747 1491 corymbis
776 1374 1083 1493 pedunculatis
1114 1375 1225 1463 folio
1255 1373 1549 1462 brevioribus.

366 1520 514 1621 Haec,
597 1544 731 1637 quam
785 1548 933 1604 coram
957 1582 958 1587 a
984 1519 1219 1631 habemus,
1286 1515 1575 1632 descriptioni
1629 1539 1673 1603 et
1723 1516 1846 1603 iconi
1936 1610 1943 1625 ⁶

239 1659 500 1753 ‘Sloaneanis
531 1663 792 1749 examussim
823 1661 1041 1747 convenit.
1885 1769 1889 1777 .

365 1805 549 1893 Descr.
584 1803 751 1889 vRadix
780 1800 992 1921 obliqua,
1042 1832 1212 1918 repens.
1274 1802 1427 1892 Caulis
1460 1781 1658 1912 erectus,
1713 1800 1848 1918 peda·
1969 1844 1975 1853 ·

249 1938 303 2033 lis
344 1968 390 2031 et
433 1976 450 2034 1
492 1944 575 2060 rsa
623 1940 819 2058 pedalis,
869 1943 1077 2057 simplex,
1123 1930 1390 2060 ungulatus,
1452 1945 1625 2032 inferne
1678 1945 1845 2057 glaber,

249 2117 439 2203 superne
478 2083 737 2203 pubescens.
800 2085 930 2171 Folia
970 2088 1191 2201 opposita,
1256 2090 1341 2175 late
1388 2112 1547 2194 ovata,
1609 2089 1844 2203 petiolata,

252 2254 401 2331 acuta,
431 2261 574 2347 grosse
606 2250 796 2337 serrata,
831 2260 984 2317 revera
1015 2232 1393 2349 quinquenervia,
1434 2232 1520 2316 alia
1551 2226 1846 2346 triplinervia,
1915 2290 1922 2299 -

250 2374 462 2491 utrinque
513 2370 694 2477 scabra,
726 2370 902 2481 ,subtus
956 2373 1423 2497 impresso-punctpta.
1482 2372 1677 2459 Petiolus
1733 2360 1910 2504 solio.'¹

249 2515 458 2624 brevior,
525 2516 781 2632 pubescens.
859 2516 1056 2630 Stipulae
1103 2515 1342 2621 deciduae,
1416 2517 1643 2616 axillares,
1698 2538 1848 2599 ovato·
1953 2578 1963 2597 .

250 2656 491 2773 oblongae,
532 2659 870 2771 integerrimae,
916 2658 1109 2751 obtusae.
1170 2657 1325 2743 Flores
1355 2659 1506 2772 parvi,
1564 2658 1846 2761 virescentes,

254 2800 505 2913 corymbosi
541 2801 613 2886 uel
644 2801 788 2914 potius
829 2800 1020 2913 cymosi,
1073 2799 1211 2913 cymis
1252 2800 1554 2885 ramosissimis
1594 2800 1854 2887 divaricatis

253 2934 560 3061 pedtmculatis
588 2945 632 3025 in
664 2926 877 3027 foliorum
908 2944 1188 3057 superiorum
1215 2946 1383 3051 axillis,
1426 2977 1516 3063 quo
1545 2943 1639 3030 fere
1672 2974 1847 3057 corym-

251 3082 334 3169 bus
365 3088 609 3169 communis
631 3082 874 3167 terminalis
896 3088 1106 3170 exoritur.
1166 3086 1385 3172 Masculos
1405 3086 1610 3172 flosculos
1632 3086 1677 3171 in
1699 3110 1847 3176 nostra

245 3224 395 3348 nullos
424 3223 695 3331 invenimus3
749 3224 897 3342 itaque
938 3225 1129 3313 dioicam
1160 3233 1254 3329 esse
1283 3229 1520 3317 credimus.

369 3396 443 3483 Ad
471 3400 588 3486 viam
619 3398 1009 3487 Felisbertiam
1040 3402 1247 3489 Ianuario
1277 3434 1425 3490 mense
1463 3405 1589 3517 1817.
1622 3494 1627 3506 ,

366 3540 570 3627 Adnot.
622 3540 758 3653 Quod
790 3541 846 3629 ad
878 3544 1011 3644 folia,
1072 3544 1300 3630 simillima
1338 3568 1403 3629 est
1439 3542 1668 3632 Usticae
1701 3576 1848 3633 eara-

245 3684 501 3778 vellauae
562 3684 689 3772 Hort.
738 3686 858 3771 Mon.
901 3688 1022 3774 Fasc.
1055 3719 1126 3801 9.,
1164 3686 1340 3775 sedisti
1367 3687 1479 3775 folia
1508 3686 1683 3779 alterna<
1707 3691 1861 3777 tribu·-

248 3850 409 3935 untur,
457 3857 571 3946 quae
601 3852 774 3915 nostrae
805 3852 907 3919 sunt
937 3832 1151 3946 opposita.

598 4096 733 4188 Pinna
763 4100 1007 4217 Lindley
1031 4100 1129 4191 Ecl.
1158 4104 1249 4195 bot.
1284 4137 1318 4194 t.
1346 4106 1397 4195 T.
1425 4109 1497 4198 IV.

366 4281 435 4371 Gl.
466 4284 567 4375 Lin.
599 4286 833 4377 Monoecia
872 4290 1151 4377 Tetrandria.
1183 4340 1247 4360 -
1273 4293 1419 4380 Locus
1449 4317 1548 4411 post
1577 4260 1789 4384 Usticatn.

698 4455 1009 4546 Character
1065 4461 1401 4549 essentialis.

340 4634 411 4733 sd·
438 4628 564 4717 Calix
586 4631 879 4751 quadrifidus.
900 4634 1155 4725 Nectarium
1175 4637 1367 4733 nullum.
1428 4636 1623 4726 Stamina
1642 4662 1850 4756 quatuor,
1886 4660 1895 4679 ·

252 4768 444 4861 sotheris
475 4770 682 4888 didymis.
1894 4778 1902 4792 ’

364 4952 390 5027 3
418 4912 547 5003 Calix
578 4913 766 5007 trifidus·
790 4919 955 5035 Stigma
980 4923 1232 5039 capitatum.
1258 4921 1506 5013 Acbeuium
1533 4952 1849 5043 compressum,

222 5051 432 5172 'oblique
463 5079 799 5166 mucronatum,
847 5064 983 5151 catice
1015 5063 1110 5155 basi
1142 5068 1350 5157 cinctum}
1394 5168 1398 5174 ⁴

1490 5217 1515 5293 ὓ

1855 5052 1882 5097 d
