4692 6142
1662 670 1808 725 XIX'iii
1920 667 1923 671 ’

211 866 498 978 prospieiendis,
526 863 756 976 consiliisque
782 861 970 978 proposita
996 858 1188 974 iurandis,
1222 855 1455 979 Princeps
1482 884 1811 960 cancellarius

214 1017 436 1088 indefessam
463 1038 613 1110 operam
639 1014 830 1110 impendit.
882 1017 1027 1088 Ultimo
1059 1019 1209 1089 tandem
1244 1019 1333 1086 dicti
1364 1041 1578 1110 congressus
1611 993 1812 1108 Veronen-

212 1151 287 1239 sis,
316 1161 473 1220 exeunte
498 1151 585 1220 anni
610 1131 780 1242 pronime
805 1151 996 1246 praeteriti
1022 1151 1200 1259 automno
1225 1148 1356 1239 habiti,
1384 1149 1571 1223 laboribus
1597 1154 1660 1243 vix
1685 1152 1809 1244 finitis,

215 1306 325 1376 quum
352 1281 532 1353 Noster
559 1281 802 1373 valetudinis,
832 1308 879 1354 ex
904 1283 1027 1379 aliquo
1053 1297 1224 1378 tempore
1248 1283 1429 1374 labantis,
1458 1280 1680 1355 reficiendae
1705 1309 1812 1356 causa

212 1415 284 1485 iter
303 1403 370 1509 per
393 1396 651 1486 amoenissima
664 1415 915 1487 Lombardiae
938 1403 1026 1489 arva
1055 1429 1092 1486 et
1112 1415 1247 1487 littoris
1269 1416 1475 1488 Genuensis
1498 1431 1641 1521 partem
1660 1440 1811 1512 aggres-

190 1551 274 1617 'sus
299 1561 407 1630 esset,
435 1549 628 1644 repentino
654 1548 787 1619 morbo
808 1550 972 1644 pectoris
993 1550 1222 1643 spasmodico
1246 1548 1371 1620 febrili
1394 1552 1432 1622 in
1449 1551 1696 1645 ipsaGenuae
1719 1526 1812 1622 urbe

211 1681 270 1750 die
307 1703 364 1751 ao.
402 1679 499 1752 Nor.
541 1684 638 1753 1822
664 1663 871 1776 ‘correptus
903 1693 968 1752 est.
1045 1683 1160 1752 Cuius
1192 1682 1341 1777 quidem
1361 1657 1572 1777 'superandi
1592 1659 1675 1755 'etsi
1706 1686 1812 1755 initio

212 1839 294 1910 spes
329 1830 448 1907 esset,
476 1827 626 1906 tamen,
655 1817 835 1886 redeunte
860 1815 984 1888 morbi
1010 1817 1144 1888 atrocis
1168 1816 1329 1906 insultu,
1365 1818 1464 1890 vires
1500 1819 1671 1888 Summi
1700 1818 1811 1890 Viri

211 1950 333 2021 subito
359 1951 413 2018 ita
438 1959 682 2038 corruerunt,
709 1961 751 2018 ut
777 1949 903 2020 auxilii
929 1950 1062 2021 medici
1076 2002 1088 2042 ,
1122 1961 1207 2020 utut
1230 1975 1374 2022 summa
1399 1974 1488 2021 cura
1512 1952 1693 2043 adhibiti,
1721 1951 1811 2021 nui-

214 2085 271 2156 lus
304 2083 460 2178 amplius
495 2061 594 2154 esset
628 2106 838 2173 successus,
883 2083 1106 2179 sideratique
1141 2083 1335 2178 pulmones
1368 2085 1552 2179 respirare
1587 2084 1811 2156 desinerent.

215 2215 337 2310 Atque
362 2216 412 2286 ita
437 2213 517 2286 fere
544 2217 744 2312 interipsa
769 2217 933 2289 muneris
958 2219 1105 2311 negotia
1139 2215 1380 2312 Princeps
1411 2216 1812 2330 incomparabilis

215 2351 375 2422 enimam
402 2350 486 2422 Deo
512 2351 673 2423 reddidit
700 2352 783 2448 post¹
807 2353 959 2426 brevem
996 2376 1174 2446 agonem,
1213 2353 1273 2422 die
1311 2355 1368 2424 sti.
1402 2349 1650 2442 Novembris,
1688 2350 1812 2421 morbi

215 2494 345 2572 sexto,
372 2485 502 2555 aetatis
527 2510 624 2556 anno
651 2475 917 2580 septuagesimo
943 2488 1066 2568 tertio.
1131 2485 1333 2556 Transiens
1357 2508 1449 2557 vero
1473 2486 1521 2554 ad
1546 2507 1700 2578 superos
1725 2482 1811 2552 reli·

215 2620 296 2712 quit
319 2618 426 2688 Reor
454 2619 548 2688 Suo
574 2621 769 2714 Suisque
795 2619 944 2690 Liberis
969 2619 1132 2706 duobus,
1161 2637 1321 2710 quorum
1346 2615 1508 2704 Alter,
1536 2613 1810 2684 illustrissimus

216 2753 381 2822 Comes
408 2751 710 2820 Christianus
744 2752 990 2823 tierricus
1029 2731 1439 2840 ab'Hardenberg
1463 2784 1481 2801 ·
1505 2745 1811 2845 Rerentlow,

216 2882 358 2974 Regis
386 2881 528 2950 Daniae
554 2881 807 2952 Potentissimi
833 2908 855 2952 a
880 2885 1040 2953 consiliis
1065 2893 1179 2954 status
1205 2883 1386 2976 supremis
1412 2891 1479 2952 ete.
1506 2892 1598 2970 eto,
1636 2891 1813 2976 paterna-

220 3035 301 3085 rum
330 3017 509 3086 rirtutum
536 3017 813 3110 gratiarumque
850 3017 1004 3108 haeres,
1038 2993 1147 3088 beato
1182 3015 1334 3086 Parenti
1366 3014 1406 3085 in
1435 3018 1547 3087 terris
1570 3014 1815 3088 familiaribus

219 3149 391 3240 regundis
417 3149 612 3238 successit,
640 3148 805 3222 Altera
830 3150 1071 3222 Serenissimo
1096 3150 1264 3244 Principi
1288 3176 1309 3220 s
1333 3149 1541 3222 Puekler
1566 3189 1590 3204 ··
1615 3147 1815 3220 Musicae

219 3280 319 3350 ielici
346 3281 534 3351 consortio
560 3292 673 3375 nupta
699 3293 775 3373 est,
803 3305 972 3354 necnon
997 3281 1203 3376 Nepotibus
1228 3287 1434 3380 Stirpisque
1458 3283 1732 3354 illustrissimae
1758 3306 1816 3352 re·

219 3401 328 3508 liquis
356 3413 559 3504 Membris,
597 3417 765 3486 omnibus
792 3416 951 3511 denique
978 3417 1139 3511 Ipsius
1166 3419 1369 3491 cultoribus
1395 3421 1474 3490 Sui
1500 3418 1724 3489 desiderium
1750 3414 1814 3488 iu·
1871 3418 1873 3421 ’

220 3549 501 3640 guberrimum‚
531 3547 615 3618 Sui
648 3571 740 3622 vero
777 3549 1068 3645 duarumque
1105 3556 1283 3626 virtutum
1311 3553 1528 3626 memoriam
1553 3550 1814 3646 gratissimam,

204 3705 404 3775 ¹nunquam
432 3681 677 3752 interituram.

319 3813 512 3908 Purpureo
537 3814 684 3908 quidem
711 3839 945 3910 coronaeque
983 3815 1164 3914 Principis
1204 3819 1394 3891 heredites
1423 3843 1471 3888 ex
1501 3816 1631 3889 Ructs
1665 3816 1816 3911 speciali

218 3949 368 4018 decreto
393 3948 431 4018 in
457 3949 569 4018 modo
594 3947 783 4020 laudatum
801 3948 972 4020 Filium
995 3953 1159 4042 unicum,
1188 3953 1419 4024 Comitem
1436 3945 1816 4021 illustrissimum

219 4079 274 4150 ab
316 4077 651 4175 Hardenberg,
691 4082 730 4152 in
765 4081 908 4156 Daniae
945 4081 1074 4178 Regno
1101 4085 1328 4159 domicilium
1353 4083 1574 4172 habentem,
1609 4082 1816 4176 insignique

223 4235 418 4284 munerum
454 4215 747 4310 meritorumque
774 4217 916 4287 bonore
953 4217 1160 4311 fruentem,
1211 4220 1370 4293 transire
1403 4209 1596 4291 debuerat.
1649 4215 1768 4310 litque
1793 4237 1816 4284 s

163 4407 168 4418 .
221 4340 336 4414 Reos
364 4345 554 4440 Optimo
579 4346 677 4434 illius
704 4349 887 4442 dignitatis
914 4350 1081 4426 excelsae
1109 4355 1149 4424 in
1176 4352 1369 4425 Heredem
1395 4353 1553 4424 nominis
1577 4373 1654 4420 non
1679 4349 1814 4438 solum,

221 4475 286 4544 sed
307 4478 451 4547 virtutis
472 4503 630 4574 quoque,
648 4479 799 4552 collatio
813 4481 1001 4574 solemnis,
1020 4502 1195 4582 quantum
1215 4511 1262 4559 ex
1279 4487 1415 4557 nuntiis
1432 4483 1588 4580 publicis
1602 4483 1817 4576 nuperrime

220 4611 360 4704 patuit,
390 4613 461 4681 iam
488 4616 699 4708 consignata
721 4615 930 4712 litterisque
953 4623 1122 4691 mandata
1148 4635 1239 4692 erat.
1292 4621 1366 4692 Sed
1389 4631 1489 4689 tanta
1514 4616 1586 4688 luit
1612 4616 1817 4687 Comitis

220 4741 563 4818 illustrissimi
604 4739 852 4841 uerecundia,
889 4764 993 4824 tanta
1027 4777 1114 4848 erga
1139 4751 1262 4825 Patris
1294 4753 1511 4824 memoriam
1542 4752 1680 4846 pietas,
1714 4759 1818 4817 tauta

146 4861 149 4870 Α
220 4875 361 4970 gloriae
388 4875 511 4948 Putris
537 4903 582 4949 ne
619 4883 721 4974 pallii
755 4886 905 4979 quidem
938 4890 976 4960 in
1003 4889 1054 4961 Se
1079 4891 1311 4984 susceptione
1348 4859 1583 4982 aliquomodo
1618 4883 1819 4976 captandas

206 4987 376 5104 ¹religio,
415 5023 457 5081 ut
482 5011 656 5085 maluerit
690 5015 776 5089 Vir
807 5025 1134 5115 magnanimus
1169 5025 1266 5094 hanc
1301 5023 1381 5094 Sibi
1416 5020 1577 5092 oblatam
1612 5036 1817 5113 purpuram
1845 5109 1848 5113 V

220 5163 417 5237 recusare,
457 5144 657 5240 Resque,
694 5158 814 5222 tantae
839 5155 951 5227 animi
977 5159 1180 5232 nobilitatis
1204 5159 1468 5229 documentum
1495 5155 1634 5251 optime
1674 5175 1820 5244 cogno-

1448 5315 1468 5360 s
