4692 6142
752 567 1259 647 Fraxinellae.
1731 579 1801 656 185

203 781 359 893 ,Styli
406 779 574 868 breves.
647 775 913 884 Stigmata
951 729 1182 880 simplicia
1242 763 1485 883 Capsula
1527 799 1639 878 una,
1688 797 1803 862 tres.

201 922 433 1041 qninque,
476 913 801 1014 uniloeulares,
832 906 1055 1011 bivalves,
1082 905 1345 1021 disparmae.
1597 1031 1602 1042 ι

252 1064 575 1160 Ochroxylum
622 1051 897 1152 punctatum
937 1051 1145 1122 Martius
1191 1052 1233 1121 in
1272 1051 1482 1124 Denlcselrr.
1515 1053 1551 1124 d.
1585 1051 1712 1126 Arae.
1753 1078 1801 1128 stt

171 1241 176 1250 ·
298 1188 502 1260 Minthen.
557 1178 961 1274 1816.p.151.tA.

251 1309 595 1418 Zauthoxylum
616 1299 1015 1398 simplieifolium
1039 1297 1174 1370 vahl.
1202 1295 1329 1392 Eelog.
1357 1305 1393 1375 3.
1420 1321 1456 1393 p.
1483 1305 1544 1388 45.

679 1467 720 1549 3.
782 1459 1313 1556 PohlanaMetN.

138 1703 146 1714 ·
269 1657 307 1740 F
318 1657 473 1742 iores
503 1647 654 1736 dioi'ci.
686 1647 846 1734 Calix
878 1643 1209 1766 quinquefidus.
1243 1643 1485 1732 Corolia
1511 1650 1802 1764 pentapetala:

315 1800 475 1884 Maso.
509 1793 764 1879 Stamina
795 1793 1008 1910 quinque.
1076 1786 1234 1874 Ovarii
1261 1783 1564 1872 rudimentum
1594 1787 1642 1873 in
1669 1787 1804 1878 disco.

314 1937 493 2020 Foem.
525 1935 725 2021 orarium
762 1963 915 2018 unum.
986 1929 1178 2042 S'tylus
1210 1928 1372 2014 nullus.
1434 1927 1629 2040 Stigma
1655 1933 1803 2022 sessile

197 2079 506 2194 subpeltatum.
588 2076 825 2192 Capsula
867 2071 1182 2174 unilocularis,
1230 2097 1561 2180 monosperma,
1605 2070 1804 2164 bivalvis.

245 2219 592 2316 Langsdorffia
616 2221 798 2295 Leandro
824 2223 873 2292 clo
899 2220 1146 2291 Sacramento
1172 2212 1212 2284 in
1239 2211 1276 2282 d.
1292 2209 1506 2288 Denlrsclrr.
1538 2213 1574 2284 d.
1607 2213 1734 2289 Akad.
1757 2241 1806 2294 zu

294 2343 498 2416 Meinelten.
553 2345 659 2435 1819.
684 2365 719 2434 p.
744 2363 825 2434 229.
850 2352 877 2411 t.
903 2339 991 2410 XII.

315 2464 544 2550 Observ.
606 2462 723 2550 Cum
752 2456 1600 2574 Langsdorffiaenomeniamalii
1639 2465 1806 2573 generi,
1883 2455 1887 2460 ³

192 2604 254 2692 ad
279 2602 620 2717 Cynomorii
645 2603 857 2689 familiam
877 2600 1091 2717 spectanti
1118 2624 1249 2718 atque
1277 2601 1322 2685 in
1362 2599 1597 2718 Escbwege
1623 2604 1809 2696 Journal

191 2777 281 2830 von
318 2747 529 2832 Brasilien
570 2747 674 2832 fasc.
704 2779 744 2831 2.
777 2745 1024 2861 descripto,
1052 2745 1268 2832 tributum
1287 2743 1360 2848 sit,
1383 2774 1516 2855 genus
1538 2745 1622 2832 hoe
1653 2751 1699 2834 in
1730 2747 1810 2838 ho·

130 2939 134 2946 ·
190 2919 364 2975 noremt
403 2888 472 2975 Cl.
499 2889 618 2974 Dou.
646 2888 793 2995 Pom,
836 2887 896 2972 M.
922 2887 1007 2994 D„
1038 2886 1377 3001 peregrinaturis
1414 2887 1460 2971 in
1491 2887 1679 2975 Brasilia
1703 2915 1811 2980 stra·

192 3030 399 3118 nuissimi
447 3052 576 3146 atque
623 3028 678 3116 de
725 3062 772 3116 re
803 3028 1009 3116 herbaria
1037 3030 1202 3143 optime
1234 3026 1413 3134 meriti,
1446 3033 1811 3148 nuncupavimus,

55 3177 84 3210 '
196 3174 322 3258 cuius
368 3171 516 3286 plures
547 3173 712 3288 'species
743 3175 789 3258 in
834 3197 1062 3288 posterum
1096 3168 1305 3258 tradituri
1340 3201 1499 3264 ¹sumus
1539 3195 1670 3290 atque
1713 3173 1849 3264 iltu-'
1897 3234 1903 3245 ·

193 3314 386 3399 straturi.
420 3360 481 3380 -
514 3314 692 3402 Genera
715 3315 1046 3428 Xanthoaylum
1067 3337 1111 3398 et
1137 3311 1332 3398 Pohlana
1359 3311 1414 3398 ab
1442 3315 1713 3423 auctoribus,
1740 3322 1807 3405 uti

192 3453 401 3558 videtur,
433 3456 593 3561 mixta,
623 3459 882 3571 praesertim
908 3487 1094 3542 numero
1125 3455 1380 3552 avariorem
1408 3478 1450 3542 et
1473 3455 1690 3570 stylorum
1716 3461 1812 3546 lon·

196 3587 419 3706 gitudine,
451 3599 613 3716 quibus
644 3602 757 3686 notis
787 3600 1119 3712 Xanthoxylum
1146 3601 1404 3702 instruitur,
1437 3595 1661 3685 differunt.

656 3786 699 3888 ti.
758 3779 1152 3870 BrunelliaR.
1180 3805 1224 3868 et
1250 3779 1352 3868 Pav.

315 3959 475 4096 (Jalix
529 3963 1086 4084 quadri-septempartitns.
1187 3961 1427 4052 Corolla
1484 3964 1619 4051 nulla.
1704 3967 1812 4054 Sta·

201 4095 351 4180 mina
371 4098 919 4220 decem-quatuordecim.
952 4106 1099 4218 styli
1124 4107 1331 4194 subulati.
1379 4107 1642 4222 Stigmata
1672 4133 1812 4197 acuta·

202 4235 475 4352 Capsulae
507 4258 931 4362 quatuor-septem,
962 4249 1281 4359 uuiloculares‚
1306 4250 1519 4357 hivalvea
1551 4250 1813 4368 dispermae·

772 4430 811 4517 5.
871 4431 1126 4546 Fagara.
1172 4433 1224 4518 L.

319 4603 805 4725 Calixquadrifidus.
882 4613 1449 4732 Corollatetrapatala,
1490 4643 1656 4734 patens.
1706 4617 1814 4705 Sta·

202 4743 356 4830 mina
401 4768 604 4864 quatuor.
685 4755 894 4869 Stigma
945 4741 1485 4873 capitato-subbilobum.
1569 4759 1813 4875 Capsula

200 4883 531 5008 uniloeularis,
570 4917 896 5012 monosperma‚
923 4884 1121 4990 biralvis.

1360 5043 1411 5120 24
