4692 6142
519 617 521 620 ·
551 600 737 674 Recensio
767 597 956 671 Generum
979 594 1176 679 Barbulce
1200 608 1237 667 et
1262 595 1515 689 Syntrichiae.
1748 608 1821 692 213

219 806 306 887 iam
337 798 527 916 oblonga
552 797 907 903 subventricosa,
951 797 1039 881 iam
1070 795 1259 882 maxime
1292 795 1493 910 elongata
1524 801 1709 887 omuino
1740 826 1818 915 cy..

218 940 438 1049 lindrica,
496 940 645 1026 iunior
698 934 1102 1043 luteo-virescens,
1173 961 1311 1027 aetate
1367 927 1618 1055 provectior
1665 944 1816 1058 fusca,

218 1085 481 1199 operculum
535 1108 713 1199 quoque
767 1108 886 1163 nunc
944 1077 1072 1166 theca
1133 1078 1273 1198 duplo
1320 1082 1497 1171 brevius
1549 1109 1659 1193 est‚.
1700 1118 1818 1173 nunc

217 1227 494 1339 longitudine
544 1252 640 1311 eam
687 1244 880 1339 aequat,
947 1246 997 1309 ut
1046 1222 1183 1309 verbo
1231 1224 1405 1335 dicam,
1459 1258 1612 1314 omnes
1652 1230 1818 1345 speciei

216 1394 361 1487 partes
400 1396 665 1483 magnopere
706 1365 891 1479 variant.
947 1366 998 1450 In
1039 1368 1196 1486 quovis
1230 1390 1377 1456 tamen
1415 1370 1670 1456 variationis
1707 1393 1822 1458 statu

216 1513 447 1630 singularis
505 1508 680 1595 habitus
732 1530 776 1593 et
829 1506 1003 1595 indoles
1052 1510 1236 1627 stirpem
1276 1512 1478 1627 protinus
1526 1512 1819 1625 distinguunt,

160 1630 168 1643 ’
215 1680 283 1762 et,
320 1684 433 1772 quae
472 1650 585 1736 mihi
622 1649 774 1735 saltem
820 1650 1121 1760 obvenerunt,
1164 1657 1394 1747 varietates
1434 1655 1722 1743 notabiliores
1762 1655 1820 1745 ad

214 1763 506 1899 memoratas,
558 1790 607 1878 ni
648 1787 806 1896 fallor,
862 1790 991 1879 facile
1039 1800 1239 1884 revocari
1290 1822 1483 1914 possunt.
1578 1788 1838 1887 Numerosa¹

216 1965 397 2057 quoque
450 1932 527 2018 illa
568 1931 623 2020 de
664 1963 795 2020 causa
845 1960 947 2022 sunt
991 1939 1119 2025 buius
1166 1942 1329 2059 speciei
1379 1973 1646 2055 synonyma,
1696 1972 1823 2060 prae·

213 2079 365 2163 sertim
389 2077 751 2179 Brideliana,
781 2079 1818 2175 sinedubiotamenhucrefe1·cnda.—-B.re·
1905 2090 1911 2093 ’
2017 2173 2021 2181 ,
2148 2096 2151 2103 ’

216 2218 422 2308 flexam
446 2242 493 2310 et
518 2222 861 2340 orientalem
876 2222 930 2309 ab
948 2225 1048 2339 Ipso
1068 2225 1140 2310 iII.
1161 2224 1260 2313 viro
1284 2227 1627 2312 communicatas
1649 2224 1816 2336 babeo,

212 2362 263 2449 B.
306 2362 548 2450 Turneri
580 2361 665 2478 ipsi
698 2360 889 2447 nimium
921 2394 1022 2451 cum
1047 2362 1098 2451 B.
1126 2364 1275 2451 fallaci
1307 2391 1488 2479 cognata
1518 2366 1726 2475 videtur,
1765 2368 1815 2453 B.

214 2508 290 2593 atl
304 2506 544 2591 anticam
561 2504 747 2621 quidem
763 2504 1018 2591 distinctam
1039 2510 1233 2623 speciem
1250 2506 1636 2615 declaratauctor,
1659 2540 1817 2602 verum

212 2680 268 2737 ne
293 2646 526 2763 degenere
549 2644 736 2764 quidem
763 2655 873 2734 certi
892 2677 1070 2755 sumus,
1106 2646 1162 2735 de
1180 2648 1226 2735 B.
1257 2649 1518 2741 flexuosa
1546 2650 1665 2736 idem
1682 2651 1814 2754 valet,

214 2816 260 2879 et
294 2789 343 2877 B.
387 2790 713 2877 flavescens
753 2791 848 2877 solo
886 2789 981 2879 fere
1021 2792 1170 2877 colore
1211 2791 1510 2906 distinguitur.
1534 2841 1596 2861 -
1626 2794 1814 2882 TortuIa

210 2932 410 3023 brevis
415 2932 533 3020 oli'a
552 2923 700 3048 primo
719 2934 882 3022 intuitu
899 2934 1044 3030 aliena
1062 2932 1263 3022 videtur:
1291 2934 1374 3050 sed
1394 2937 1440 3023 in
1458 2936 1617 3026 eodem
1632 2939 1812 3023 surculo

214 3109 370 3193 saepe,
410 3084 670 3193 praesertim
706 3079 935 3197 superiora
975 3110 1151 3187 versus,
1194 3078 1303 3167 folia
1342 3079 1544 3196 longiora
1568 3082 1715 3196 ‘magis
1747 3110 1815 3166 re·

212 3250 374 3327 curva,
430 3219 630 3307 fallaci
676 3222 902 3311 simillima
933 3248 1199 3335 occurrunt3
1238 3224 1364 3311 theca
1395 3226 1441 3311 iu
1476 3224 1810 3343 speciminibus,

203 3392 326 3481 ,quae
358 3358 455 3449 cet.
486 3361 702 3450 Turner
735 3367 1000 3480 transmisit3
1048 3392 1175 3458 ovata
1201 3368 1485 3459 breviuscula
1505 3368 1708 3487 quidem,
1736 3366 1815 3455 sed

211 3504 474 3620 peristomio
506 3534 602 3591 rasa
633 3508 907 3627 omninoque
938 3510 1054 3597 laesa
1084 3529 1172 3618 est,
1213 3532 1264 3597 ut
1293 3512 1468 3629 itaque,
1499 3507 1687 3597 Smitbio
1719 3509 1815 3625 ipso

213 3647 384 3733 thecam
425 3648 719 3764 cylindricam
757 3648 1039 3765 designante,
1092 3679 1140 3743 et
1177 3652 1260 3741 hec
1301 3653 1491 3741 dubium
1530 3653 1726 3740 tollatur.
1757 3700 1818 3717 -

213 3786 269 3873 Ill
290 3786 458 3874 Schra
471 3790 571 3877 der
591 3792 834 3908 specimina
853 3792 1149 3883 Dicksouiana
1170 3795 1479 3904 liberalissime
1501 3791 1820 3911 suppeditavit,

214 3963 325 4053 quae
361 3960 469 4018 vero
509 3933 638 4052 longe
669 3937 838 4047 aliena,
888 3961 990 4026 sunt
1015 3939 1068 4024 iis
1097 3937 1206 4027 folia
1236 3936 1678 4025 lineari-lanceolata
1714 3962 1816 4020 acn-

214 4071 379 4156 minata
399 4097 565 4163 ,erecta
608 4078 786 4185 stricta,
831 4106 969 4171 nervo
1002 4078 1151 4169 valido
1197 4112 1425 4199 purpureo
1462 4103 1634 4190 notata3
1688 4077 1827 4165 theca*

215 4234 342 4300 ovata
354 4272 369 4317 ‚
410 4244 500 4301 non
520 4219 667 4305 minus
690 4221 951 4335 peristomio
975 4223 1130 4310 orbata
1153 4222 1503 4339 explorationem
1532 4250 1624 4307 non
1644 4217 1814 4307 statuit:

213 4384 270 4441 ex
299 4352 449 4441 babitu
484 4358 617 4445 alieni
649 4363 820 4474 generis
851 4367 984 4479 stirps
1009 4364 1203 4451 videtur.
1346 4414 1348 4417 ·
1472 4349 1478 4359 ’

276 4520 346 4584 22.
395 4494 597 4603 Barnous
626 4505 862 4591 convoluta
886 4503 1066 4594 Hedvv.
1095 4554 1159 4573 -··
1188 4502 1298 4592 Tab.
1329 4503 1546 4598 XXXIII.
1578 4500 1651 4618 fig.
1686 4536 1754 4589 aa.

331 4621 390 4730 B}
418 4636 543 4724 caule
583 4644 705 4732 temti
730 4644 901 4756 diviso,
936 4646 1058 4734 foliis
1096 4646 1351 4733 lanceolatis
1389 4645 1669 4731 acutiusculis
1701 4671 1815 4727 mar-

216 4784 316 4893 gine
341 4776 484 4893 planis
508 4778 854 4896 patulo-erectis,
888 4783 1277 4902 perichaetialibus
1303 4780 1470 4870 obtusis
1491 4783 1545 4888 in,
1560 4764 1814 4894 cylindrum

215 4919 486 5028 convolutis,
509 4907 664 5011 ‘theca
701 4928 1050 5042 ovato-oblonga
1099 4924 1308 5045 obliqua,
1356 4921 1569 5041 operculo
1608 4920 1813 5011 subulsto

219 5063 420 5153 curvulo.
446 5141 457 5165 ,
973 5176 1002 5219 α
