4692 6142
489 509 563 587 174
740 576 746 591 ,
779 497 824 572 c.
849 496 899 568 G.
923 493 1037 571 Naar
1061 494 1109 568 ab
1140 492 1360 571 Essssscx
1386 504 1425 570 et
1450 497 1495 572 0.
1521 497 1569 573 ds
1594 497 1813 590 Minurus,

1101 763 1346 860 Species

479 1016 482 1022 .
591 978 622 1024 1.
672 950 828 1026 Aruba
854 949 1116 1043 gaianensis
1140 946 1249 1020 Aubl.

590 1081 633 1152 A.
665 1077 763 1150 foliis
797 1074 950 1148 tenuatis
985 1069 1198 1146 lanceolatis
1236 1071 1479 1164 acuminatis,
1531 1074 1685 1144 racemis
1734 1072 2001 1146 terminalibus.
2048 1107 2099 1130 -·

490 1203 600 1280 Aubl.
626 1202 760 1275 Guian.
785 1227 822 1338 p.
850 1201 935 1296 apb.
963 1209 992 1276 t.
1028 1199 1111 1276 115.

592 1349 793 1422 Habitat
821 1349 862 1419 in
897 1345 1099 1419 Gaiana:
1123 1343 1259 1418 llubl.
1309 1343 1404 1416 Mihi
1429 1369 1502 1418 non
1530 1347 1650 1420 obvia.
1677 1370 1700 1417 a
1724 1348 1778 1420 M.

584 1501 627 1550 a.
678 1475 831 1550 Aruba
857 1475 1082 1547 caerulea
1111 1470 1160 1546 N.
1187 1483 1226 1544 et
1250 1471 1304 1544 M.
1336 1511 1387 1530 -
1410 1472 1505 1545 Tab.
1538 1471 1703 1547 XXVII.

590 1602 634 1673 A.
674 1596 778 1671 foliis
805 1597 1033 1693 simplicibus
1057 1593 1225 1690 oblongis
1256 1597 1419 1690 obtusis,
1458 1599 1611 1672 floribus
1646 1601 2101 1694 racemosa-paniculatis.

592 1725 752 1797 Descr.
779 1722 1047 1813 Arborescens,
1078 1718 1321 1816 ro-padalis,
1347 1721 1487 1794 confice
1511 1721 1595 1794 albo
1621 1721 1762 1816 glabro.
1788 1721 1920 1794 Folia
1944 1724 2101 1814 alterna,

503 1853 615 1945 longe
638 1850 834 1944 petiolum,
871 1845 1020 1943 petiolis
1044 1868 1208 1941 superne
1234 1845 1461 1938 incrassatis,
1504 1871 1686 1942 gemmam
1712 1869 1864 1942 parram
1897 1850 2105 1922 subrotun-

481 1979 583 2070 xdam
608 1977 648 2047 in
673 1971 794 2045 axillis
819 1969 1007 2063 fossatis,
1042 1971 1123 2068 ipsa
1146 1969 1336 2062 coriacsa,
1374 1971 1398 2042 8
1429 1969 1578 2044 circiter
1613 1970 1808 2044 unciarum
1841 1972 2102 2066 longitudinis,

496 2098 676 2192 oblonga,
705 2097 860 2187 obtusa,
886 2096 1075 2169 Interdum
1093 2093 1333 2190 emarginata,
1360 2094 1441 2169 basi
1455 2104 1664 2190 attenuata,
1689 2095 1945 2194 integerrima,
1964 2098 2106 2172 subtili·

494 2233 754 2318 terpunctata‚
766 2221 1001 2316 glaberrima.
1026 2221 1246 2317 Stipulae
1260 2222 1400 2315 aridae,
1413 2221 1654 2314 lanceolatae,
1669 2224 1857 2298 deciduae.
1884 2223 2106 2296 Floresin

495 2347 609 2418 ramis
623 2345 851 2440 terminales,
876 2344 1048 2442 thyrsum
1062 2345 1290 2418 constituunt
1304 2343 1510 2420 formosum
1523 2347 1563 2418 in
1572 2346 1781 2442 pedunculo
1798 2349 1946 2442 trigono
1958 2349 2107 2447 glabro,

496 2469 697 2566 squamulis
713 2468 900 2543 nonnullis
926 2470 1079 2541 remotis
1104 2467 1222 2545 oratis
1247 2468 1377 2541 obsito.
1428 2467 1559 2540 Rami
1582 2467 1701 2564 thyrsi
1725 2469 1879 2560 breves,
1914 2474 2106 2565 tripartiti,

497 2591 660 2688 trfflori,
690 2593 757 2665 sed
784 2589 903 2664 infimi
928 2590 1054 2688 plures
1078 2590 1192 2664 flores
1222 2593 1423 2685 sustineut3
1467 2594 1662 2666 bractea
1686 2593 1841 2666 decidua
1864 2593 2013 2668 linearis
2037 2595 2107 2665 sub

500 2719 632 2812 quovis
645 2717 828 2815 pedicsllo
853 2720 1018 2816 proprio.
1048 2717 1222 2792 Floribus
1248 2729 1334 2791 ante
1357 2716 1527 2792 mtlsesin
1550 2715 1672 2792 forms
1688 2729 1744 2790 est
1759 2719 1895 2792 florum
1920 2719 2106 2810 Aurantii,

501 2842 633 2916 calix
657 2853 784 2915 tamen
810 2842 954 2933 maior,
999 2844 1186 2940 capularis
1220 2852 1260 2914 et
1282 2851 1430 2937 patens,
1480 2841 1544 2937 qui
1578 2852 1663 2936 post
1694 2841 1988 2932 florescentium,
2030 2843 2108 2912 basi

499 2969 656 3061 solutus,
682 2967 791 3040 cadit.

602 3093 647 3165 In
671 3093 773 3170 silvis
796 3093 997 3190 primaevis
1021 3093 1123 3166 circa
1146 3094 1284 3168 flumen
1315 3093 1443 3170 Illsdos
1468 3093 1640 3194 Ianuario
1673 3115 1799 3166 mense
1825 3090 1868 3168 A.
1897 3093 1988 3182 1817
2040 3092 2106 3162 de·

503 3219 598 3290 texit
620 3217 718 3289 Ser.
744 3216 976 3313 Princeps
1001 3215 1380 3310 Maximilianus,
1407 3217 1744 3292 Neoridansis.

603 3372 641 3444 3.
690 3362 847 3439 Araba
869 3365 979 3437 alba
1002 3365 1053 3439 N.
1078 3378 1117 3439 et
1141 3365 1195 3439 M.
1229 3405 1281 3422 -
1331 3365 1426 3438 Tab.
1452 3357 1634 3436 XXVIII.

602 3492 647 3564 A
673 3489 775 3564 foliis
798 3490 1027 3588 simplicibus
1052 3483 1544 3569 oboram-cuneiformibus
1576 3485 1727 3582 cuspide
1764 3487 1920 3582 obtuso,
1954 3491 2111 3564 racemis

503 3611 911 3692 inmanissima
940 3611 1122 3709 saunas.
1627 3589 1632 3596 ’

604 3737 766 3811 Descr.
792 3737 937 3810 Frater
959 3735 1187 3830 6-speuss
1202 3731 1482 3806 nonsxcedens.
1506 3729 1766 3831 Foliaquam
1789 3734 2112 3812 massennes

504 3864 672 3954 maiora,
719 3883 776 3954 7-
800 3859 980 3950 uncialis,
1018 3857 1118 3929 ultra
1141 3857 1309 3930 medium
1334 3857 1358 3928 ὅ
1382 3854 1509 3928 uncias
1533 3853 1631 3948 lata,
1664 3855 1829 3952 patiolo,
1863 3859 2035 3956 pollicem
2051 3863 2113 3932 six

502 3984 721 4075 excedenti,
757 3981 858 4055 nodo
881 3982 1044 4072 inserts,
1088 3979 1195 4052 basin
1221 3999 1348 4054 versus
1375 3979 1562 4071 carinatas,
1594 3993 1816 4077 angustata,
1847 3986 1950 4080 apice
1977 3997 2112 4058 rotun·

505 4107 592 4180 data
617 4117 656 4180 et
682 4106 724 4178 in
748 4106 940 4203 cuspidem
964 4104 1119 4178 brevem
1146 4103 1319 4176 obtusam
1341 4115 1553 4202 protracta,
1601 4103 1712 4180 valde
1736 4107 1924 4203 mriacea,
1956 4111 2114 4206 integer-

503 4237 622 4324 rima,
649 4231 800 4326 glabra,
824 4251 937 4326 supra
961 4238 1157 4325 punctata,
1191 4227 1377 4302 subtiliter
1401 4251 1547 4302 venosa.
1597 4227 1816 4329 Stipulae
1839 4236 2016 4338 exemplis
2040 4261 2116 4310 no·

503 4360 590 4430 stris
615 4359 759 4430 desunt.
798 4355 1028 4427 Racemus
1052 4374 1176 4425 ramos
1202 4352 1418 4442 terminans,
1445 4351 1484 4422 in
1509 4349 1718 4450 pedunculo
1742 4353 1843 4428 nudo
1867 4355 1999 4453 glabro
2023 4359 2115 4430 obli·

504 4505 577 4578 que
600 4482 1003 4578 trigono-compresso
1028 4479 1246 4575 bipartitus,
1272 4477 1384 4548 ramis
1410 4473 1544 4548 bifidis.
1594 4475 1766 4552 Floras
1790 4479 1888 4574 albi,
1933 4505 2044 4578 quam
2068 4484 2111 4556 A.

504 4603 766 4675 caeruleae
788 4599 916 4698 paullo
940 4601 1119 4694 maiores,
1151 4595 1307 4676 disticha¹
1331 4599 1586 4694 heteromalli,
1619 4601 1809 4699 pedicellis
1842 4604 2018 4680 brevibus
2051 4632 2116 4678 an-

505 4725 641 4820 gulosis
665 4725 814 4797 sericeis
838 4721 966 4794 innixi.
1018 4722 1162 4795 calix
1187 4719 1381 4796 denticulis
1405 4724 1429 4795 6
1452 4725 1625 4817 missus,
1649 4747 1725 4798 uua
1747 4749 1833 4801 cum
1857 4727 1999 4801 corolla
2023 4733 2115 4804 sub·

378 4882 391 4903 ·
504 4835 929 4925 lamentosa-sericeas.
976 4847 1100 4925 Barba
1124 4841 1484 4922 illamentatum
1509 4849 1912 4944 maxims,a1amsatis
1937 4855 2023 4949 ipsis
2048 4855 2116 4927 sub
