4692 6142
461 654 464 664 ·
572 637 675 726 ,ΠΙ

701 853 848 925 Primos
880 861 1037 948 quatuor
1061 871 1203 923 menses
1228 827 1376 944 semper
1399 827 1516 944 prope
1541 835 1902 943 Buiten'aorgum
1929 828 2067 924 uersati
2091 861 2207 942 sunt,

606 987 670 1058 ubi
705 987 868 1080 quotidie
899 1011 996 1060 nova
1025 1010 1064 1056 se
1091 985 1330 1074 obtulerunt,
1376 993 1412 1053 et
1443 983 1582 1053 idcirco
1606 981 1758 1052 stultum
1782 981 1934 1073 fuisset,
1967 986 1998 1054 si
2022 1008 2070 1054 ex
2089 981 2210 1053 'lon-

597 1120 805 1213 ginquitate
830 1131 868 1188 et
891 1141 1024 1210 magno
1054 1117 1184 1189 labore
1208 1117 1398 1210 petiissent
1421 1139 1485 1205 ea,
1513 1138 1605 1208 qnae
1631 1116 1824 1186 commode
1849 1117 1887 1185 in
1913 1117 2110 1220 domicilio·
2128 1139 2209 1186 suo

606 1272 787 1344 quaerere
811 1259 993 1344 poterant.
1439 1224 1441 1232 ,

652 1451 653 1454 ,
703 1379 836 1453 Nullus
869 1382 945 1453 dies
979 1381 1192 1476 praeteriit,
1230 1403 1302 1475 qno
1337 1403 1412 1471 non
1444 1381 1583 1476 aliquot
1619 1403 1734 1452 noras
1773 1381 1912 1473 species
1946 1379 2006 1452 vel
2038 1401 2203 1473 genera,

605 1516 824 1611 quinetiam
851 1516 1024 1607 ordines,
1051 1514 1291 1602 nominarint,
1321 1513 1598 1608 descripserint,
1626 1523 1663 1581 et
1687 1511 1933 1604 depinxerint.
1955 1511 2013 1582 Sic
2029 1512 2098 1582 sibi
2118 1535 2198 1604 pc-

603 1658 733 1718 rarunt
757 1659 991 1742 conspectum
1018 1645 1152 1716 Florae
1180 1658 1218 1714 et
1238 1645 1388 1716 Faunae
1417 1645 1630 1731 Iavanicae,
1658 1643 1709 1712 sic
1732 1644 1900 1746 notitiam
1926 1666 2070 1734 eorum,
2098 1666 2202 1737 quac

602 1777 983 1867 Reinwardtius,
1021 1779 1080 1847 vir
1105 1777 1269 1862 clario„
1302 1776 1531 1873 perfecerat,
1564 1800 1613 1846 ne
1647 1777 1799 1866 eadem,
1835 1799 1926 1870 quae
1960 1777 2033 1844 iam
2058 1773 2200 1846 effecta

603 1924 744 2003 essent,
772 1911 1000 2008 repetendo,
1026 1887 1275 2004 tempus-sine
1299 1909 1424 1980 [ructu
1448 1921 1695 1979 contererent.

702 2045 825 2136 Quam
852 2045 1005 2114 obrem
1033 2043 1196 2144 omnium
1220 2044 1450 2138 picturarum
1474 2042 1693 2128 linearium,
1722 2063 1811 2134 quas
1836 2039 2197 2112 Reinwardtins

601 2175 764 2265 fecerat,
791 2177 953 2246 indicem
977 2178 1048 2246 sibi
1073 2173 1384 2268 conscripserunt,
1410 2175 1625 2245 herbarium
1646 2174 1723 2243 eius
1740 2172 2013 2266 perlustrarunt
2029 2185 2066 2246 et
2081 2175 2197 2268 plura

599 2308 808 2403 plantarum
833 2307 1006 2409 nomina,
1034 2309 1081 2380 ab
1106 2331 1150 2378 eo
1176 2308 1351 2397 inuenta,
1379 2317 1610 2399 acceperuut.
1801 2290 1812 2310 ⁰

642 2463 656 2480 .
697 2439 802 2511 lnter
825 2437 892 2509 hos
918 2449 1077 2533 quatuor
1101 2463 1269 2528 menses,
1296 2462 1387 2533 quos
1411 2441 1452 2508 in
1476 2438 1687 2531 colligendis
1712 2440 1821 2511 rebus
1845 2438 2076 2511 naturalibus
2103 2465 2195 2510 con-

596 2581 820 2662 sumserunt,
847 2593 962 2664 usque
976 2593 1021 2642 eo
1037 2581 1301 2665 peruenerunt,
1320 2581 1361 2640 ut
1374 2570 1412 2641 X
1426 2569 1583 2664 Augusti·
1598 2573 1656 2641 die
1674 2574 1721 2642 ad
1744 2571 2011 2642 Ministrum
2037 2573 2193 2642 excel-

597 2705 909 2776 lentissimum
936 2705 1168 2798 scripserint:
1207 2703 1285 2773 nde
1310 2701 1495 2774 nonnullis
1522 2703 1633 2775 rebus
1658 2700 1767 2774 huius
1785 2704 1942 2797 regionis
1960 2706 2194 2800 quaestiones

574 2857 681 2932 ¹suas
707 2836 786 2906 ianr
802 2835 922 2907 finitas
949 2855 1050 2926 esse3
1087 2836 1130 2930 in
1152 2834 1209 2904 his
1234 2847 1359 2906 autem
1384 2859 1406 2905 a
1430 2860 1473 2906 se
1499 2839 1688 2909 numerari
1704 2823 2019 2932 'Chiroptera,
2049 2835 2193 2932 opha

484 3057 487 3063 Ι
600 2967 729 3056 dios,
757 2967 974 3057 Saurios,
1000 2967 1111 3060 Aves,
1140 2968 1263 3039 Pisces
1289 2975 1398 3063 atque
1422 2967 1645 3041 Mallusca.«
1717 2970 1722 2982 '

659 3157 666 3171 .
699 3099 779 3178 Iam
800 3115 879 3173 tum
897 3111 1085 3193 putarunt,
1110 3125 1164 3190 se,
1182 3101 1292 3208 ‘quod
1306 3103 1351 3170 ad
1372 3101 1541 3172 Faunum
1567 3102 2017 3196 Buitenaorgensem
2040 3104 2185 3194 attinet,

600 3232 772 3306 animalia
796 3233 904 3320 hume
929 3234 1087 3326 regionis
1111 3245 1186 3304 tam
1213 3245 1385 3306 accurate
1409 3237 1587 3330 novisse,
1615 3259 1725 3331 quam
1745 3235 1916 3307 animalia
1939 3235 2187 3332 cuiuscunque

598 3366 757 3460 regionis
780 3365 964 3459 Europae.

699 3499 761 3570 Sic
785 3499 979 3590 instructi,
1016 3501 1089 3570 iter
1113 3499 1153 3572 in
1178 3499 1355 3592 Bentam,
1393 3500 1533 3574 insulae
1557 3516 1701 3596 partem
1724 3504 1844 3576 minus
1870 3504 2072 3597 cognitam,
2109 3529 2186 3574 sus-

531 3719 534 3726 ·
599 3632 723 3724 cipere
748 3633 1038 3722 constituerunt,
1076 3657 1190 3726 quum
1216 3633 1445 3724 Cholere,
1473 3637 1624 3706 morbus
1649 3637 1997 3731 perniciosissimus,
2023 3635 2133 3706 irruit
2148 3647 2186 3707 et

597 3763 670 3834 hoc
696 3763 888 3834 consilium
911 3765 1061 3834 irritum
1091 3765 1262 3835 reddidit.
1314 3766 1443 3856 Quare
1467 3780 1659 3861 sequentes
1679 3755 1828 3840 irienses
1854 3791 1901 3839 ec
1926 3767 2183 3857 adhibuerunt,

596 3906 639 3964 ut
661 3897 799 3968 ricinos
824 3906 965 3968 montes
990 3898 1248 3989 ascenderent,
1283 3898 1399 3971 veluti
1420 3898 1595 3974 uerticem
1616 3901 1751 3971 montis
1768 3900 1906 3991 Solate,
1935 3901 2034 3986 asso
2051 3899 2183 3995 pedum

597 4027 797 4097 altitudine·
822 4050 934 4120 super
958 4029 1193 4124 Baitenaorg
1214 4033 1400 4122 ,orientem
1427 4054 1556 4104 versus
1581 4033 1713 4123 situm,
1751 4033 1853 4105 cuius
1878 4035 1951 4103 iam
1978 4043 2083 4103 antea
2110 4056 2185 4103 me·

598 4158 698 4228 dium
734 4158 916 4251 quendam
942 4161 1118 4232 verticem
1143 4161 1508 4234 Reinwardtius
1534 4165 1772 4254 ascenderat,
1815 4167 1953 4236 intacto
1978 4177 2103 4238 tamen
2127 4164 2186 4233 al·

596 4289 701 4377 tiori,
724 4287 791 4381 vqui
810 4290 1036 4363 occidentem
1047 4304 1206 4387 spectat,
1231 4295 1431 4393 cacumine,
1459 4319 1580 4391 neque
1599 4299 1701 4368 eoab
1721 4299 1794 4370 alio
1813 4299 1995 4395 quopiam·
2007 4311 2091 4369 ante
2103 4320 2185 4393 per-

599 4420 790 4512 vestigato.
819 4501 820 4506 .

695 4551 840 4623 Deinde
865 4554 974 4624 etiam
1000 4570 1196 4628 evaserunt
1219 4561 1258 4628 in
1284 4563 1457 4632 continua
1482 4563 1663 4633 montium
1689 4565 1795 4657 iuga,
1836 4587 1931 4658 quae
1958 4564 2184 4658 septentrio·

519 4667 522 4674 ¹
595 4707 679 4756 nem
713 4707 841 4756 versus
877 4687 926 4755 ad
957 4690 1070 4758 maris
1110 4689 1212 4761 littus
1255 4716 1295 4763 se
1331 4697 1535 4768 extendunt
1580 4710 1619 4767 et
1652 4700 1751 4768 inter
1782 4695 1872 4768 alios
1905 4707 2049 4769 montes
2072 4698 2184 4768 etiam

594 4815 824 4908 Munerae
857 4819 985 4911 iugum
1020 4823 1275 4896 ascenderunt.
1338 4825 1429 4898 Post
1461 4828 1500 4898 id
1538 4829 1675 4898 lectum
1707 4794 1885 4901 obierunt
1909 4843 1986 4900 tres
2010 4829 2098 4900 illos
2121 4854 2186 4900 sa-

594 4947 688 5017 linos
712 4949 943 5045 calentesque
966 4949 1101 5045 fontes,
1123 4955 1223 5027 inter
1249 4957 1418 5054 Rompin
1441 4972 1479 5030 et
1506 4959 1632 5030 Waru
1648 4963 1766 5053 vicos,
1794 4959 1875 5057 (qui
1894 4962 1933 5034 in
1952 4963 2185 5056 generalibus

593 5081 727 5148 nostris
758 5082 891 5152 tabulis
914 5064 1167 5182 geographicis
1203 5111 1276 5162 non
1300 5089 1587 5189 inveniuntur,)
1619 5115 1647 5191 e·
1672 5095 1790 5168 tribus
1826 5091 2067 5167 scaturientes
2101 5073 2184 5164 col·
