4692 6142
1606 727 1610 733 ,
1722 666 1802 726 m

214 890 337 988 potuit
364 887 486 962 silicio
513 899 551 958 et
575 885 685 957 simul
711 885 919 974 desiderio,
958 884 1077 979 palam
1106 886 1193 958 dum
1227 885 1414 958 Praesidio
1446 906 1494 956 ex
1527 907 1594 958 ore
1627 885 1808 958 indicaret

214 1025 325 1094 sociis
350 1027 423 1093 suis
451 1023 741 1113 loguberrimum
769 1021 950 1112 Optimi
976 1019 1280 1090 Protectoris
1317 1022 1439 1091 evita
1463 1021 1679 1109 decessum,
1717 1021 1803 1112 pie·

209 1161 304 1226 ·totis
331 1169 365 1225 et
390 1156 588 1248 gratiarum
615 1151 853 1222 ineffabilium
881 1153 1084 1245 parentalia
1109 1155 1153 1220 ad
1176 1123 1369 1241 Nostri,
1398 1153 1493 1221 eheu
1523 1153 1632 1221 rebus
1666 1152 1802 1223 uostris

214 1290 382 1380 abrepti,
419 1309 548 1354 ornum
577 1286 738 1373 libandi,
775 1298 814 1355 et
837 1287 893 1354 liis
919 1286 1086 1375 imaginis
1111 1285 1209 1356 vitae
1241 1286 1488 1357 nobilissimae
1521 1297 1559 1355 et
1589 1286 1804 1355 utilissimos

217 1421 560 1507 adumbrationem,
604 1428 687 1484 utut
724 1417 900 1487 linearem
942 1431 1085 1487 tantum
1123 1419 1294 1512 omnique
1333 1432 1465 1490 ornatu
1497 1430 1708 1512 expertem,
1752 1419 1805 1486 ita

220 1551 346 1620 saltem
373 1551 637 1640 subiungendi,
678 1559 720 1618 ut
750 1551 882 1619 exinde
914 1573 989 1620 non
1015 1551 1133 1620 solum
1161 1541 1413 1644 praesentibus
1442 1552 1550 1620 huius
1586 1549 1806 1621 Academiae

214 1685 347 1762 sociis,
389 1681 637 1776 sedposteris
673 1705 842 1774 quoque,
879 1683 1064 1771 iacturae,
1109 1706 1219 1776 quam
1256 1682 1362 1771 fecit,
1400 1684 1558 1775 gravitas
1588 1682 1689 1752 ultro
1722 1689 1806 1752 anto

211 1816 340 1884 oculos
366 1827 516 1908 perstet.
569 1813 695 1903 Priom'
720 1813 831 1884 officii
856 1827 982 1906 parte,
1017 1838 1086 1908 pro
1113 1839 1179 1904 ea,
1215 1838 1287 1908 qua
1310 1815 1424 1906 ipsius
1449 1817 1591 1883 animos
1617 1838 1664 1883 err
1686 1813 1804 1906 inopi·

208 1957 294 2015 nato
319 1946 483 2036 lugubris
510 1947 635 2014 nuncii
662 1947 819 2017 adventu
846 1947 1002 2016 afflictus
1030 1913 1085 2015 est
1109 1950 1303 2036 moestitia,
1330 1949 1390 2040 pie
1410 1947 1636 2040 candideque
1656 1946 1802 2019 functus

209 2088 264 2146 est
289 2069 527 2183 umidissimus
544 2075 761 2146 Academiae
786 2077 947 2147 Praeses.
1000 2076 1164 2148 Alteram
1191 2090 1330 2172 partem
1358 2080 1445 2148 dum
1471 2082 1502 2148 ia
1527 2078 1617 2148 mibi
1643 2078 1801 2147 deman·

209 2209 272 2278 dat
297 2227 365 2300 pre
389 2210 529 2314 uiribus
557 2207 792 2300 explendam,
830 2211 995 2280 invenire
1031 2211 1178 2304 quidem
1193 2210 1318 2282 dacile
1343 2212 1464 2304 potuit
1489 2210 1602 2284 officii
1625 2207 1802 2302 fungendi

207 2341 402 2434 peritiores
429 2341 618 2434 multoque
642 2342 896 2434 neuntiores,
925 2343 1136 2418 rixantem
1161 2344 1398 2439 paratiorem.

871 2669 893 2708 ὑ
1145 2663 1168 2706 Q

1010 2734 1032 2782 ὓ

311 2875 455 2948 Urbem
480 2879 637 2970 patriam
661 2877 789 2948 habuit
826 2883 868 2950 O.
894 2880 939 2954 Α.
966 2881 1169 2951 Parucsrs
1195 2895 1246 2951 aa
1271 2879 1564 2955 Htanmnns
1592 2884 1796 2959 Hannore-

208 3019 315 3097 rstn,
351 3011 390 3077 in
426 3033 496 3102 qua
529 3012 684 3102 primam
720 3011 841 3082 lucem
879 3014 1046 3106 adspexit
1085 3013 1144 3082 die
1180 3015 1237 3084 51.
1275 3014 1365 3085 Maii
1397 3019 1483 3086 anni
1520 3019 1637 3106 1750,
1679 3020 1793 3110 stirpe
1872 3091 1875 3096 ,

159 3141 166 3153 ’
206 3141 383 3208 oriundus
409 3142 636 3211 nobilissima
662 3155 699 3213 et
722 3145 819 3214 inter
845 3115 1106 3218 vetustissimos
1121 3113 1206 3215 'non
1231 3147 1349 3218 solum
1375 3173 1545 3252 procgres
1568 3163 1605 3219 et
1626 3151 1792 3244 dynastas

205 3269 495 3362 Guelphicarum
546 3285 730 3343 terrarum
782 3289 818 3345 et
861 3275 1087 3348 Germaniae
1129 3280 1241 3349 totius
1282 3283 1495 3374 conspicua,
1546 3283 1610 3352 sed
1650 3283 1793 3375 pariter

204 3404 354 3494 antiqua
381 3405 558 3474 virtutum
591 3408 879 3501 meritorumque
918 3424 955 3480 et
987 3411 1170 3482 honorum
1201 3413 1319 3505 gloria
1353 3414 1567 3483 excellente.
1642 3413 1793 3484 Etenim

204 3553 251 3600 ex
277 3534 467 3604 annalibus
493 3539 708 3630 antiquioris
734 3541 955 3611 Germaniae
980 3543 1155 3614 historiae
1182 3555 1336 3634 constat,
1362 3545 1586 3616 Liberorum
1601 3547 1789 3616 Beronum

205 3665 257 3733 ab
284 3662 605 3761 Hardenberg
631 3694 767 3740 nomen
794 3683 831 3740 et
861 3673 1015 3764 insignia
1048 3678 1232 3767 equestria
1266 3677 1340 3746 iam
1372 3692 1458 3748 ante
1491 3678 1676 3748 saecolum
1709 3677 1788 3747 XII

200 3795 389 3887 floruisse,
419 3799 568 3892 eiusque
596 3803 773 3892 originem
800 3793 898 3872 certe
924 3829 946 3872 a
972 3783 1087 3874 medii
1121 3808 1226 3876 istius
1260 3811 1341 3881 aeri
1372 3810 1499 3895 initio,
1533 3834 1606 3903 quo
1632 3811 1789 3902 impera·

197 3938 299 3998 tores
332 3952 379 3999 ex
412 3929 523 4000 domo
550 3932 748 4022 Saxonica,
783 3931 1071 4006 Hanricusl
1104 3950 1143 4008 et
1175 3937 1296 4009 Otto
1337 3939 1529 4033 Magnus
1560 3941 1786 4012 Germaniae

196 4071 340 4152 sceptra
372 4025 566 4152 tendbant,
618 4066 688 4134 nisi
727 4065 854 4170 altius,
896 4069 1135 4161 repetendam
1168 4095 1259 4142 esse.
1312 4072 1425 4144 Patre
1464 4098 1551 4144 usus
1584 4086 1663 4164 est,
1705 4087 1785 4146 tum

196 4189 421 4278 privatarum
450 4206 526 4302 tum
552 4190 783 4297 qulicarum
807 4199 986 4270 virtutum
1016 4179 1185 4272 laudibus
1219 4203 1421 4275 excellente
1434 4241 1447 4294 ‚·
1473 4207 1584 4277 rebus
1607 4207 1783 4276 militari-

195 4315 288 4407 b'us,
307 4295 449 4414 quibus
465 4327 503 4395 in
522 4331 642 4419 patria
663 4328 867 4422 praefectus
887 4344 1161 4422 eratrstrenne
1187 4335 1408 4431 fortiterque
1429 4362 1577 4432 operam
1607 4351 1779 4430 natante,

196 4461 235 4518 et
257 4447 295 4518 i‘n
315 4453 410 4525 bello
428 4460 627 4551 septennali
648 4463 814 4554 egregiae
835 4476 872 4532 et
889 4465 1095 4559 intrepidae
1121 4467 1350 4540 fortitudinis
1374 4497 1415 4541 ac
1439 4472 1598 4542 bellandi
1625 4473 1798 4567 peritiae‘

194 4590 575 4693 tautamffeportante
603 4593 740 4670 faniam
765 4596 1011 4691 gratiamque,
1052 4611 1096 4668 ut
1118 4603 1282 4694 supremi
1306 4605 1486 4673 exercitus
1512 4602 1779 4678 Hannoverani

191 4711 321 4803 duois,
349 4716 426 4788 sive
456 4719 690 4796 Mareschalli
711 4727 891 4818 generalis
917 4729 1093 4822 dignitate
1120 4744 1324 4804 ornaretur.
1376 4734 1498 4807 Huius
1522 4739 1685 4842 parentis
1713 4763 1778 4832 op·

187 4843 283 4934 timi,
302 4845 534 4946 filiorumque
548 4855 827 4930 formandorum
848 4862 1100 4957 omnibusque,
1116 4889 1209 4958 quae
1228 4867 1414 4958 ingenium
1435 4867 1536 4936 alunt
1551 4881 1771 4964 acuuntque,

187 4978 348 5049 animum
372 4981 559 5054 illustrant
580 4999 618 5056 et
642 4993 842 5086 extollunt,
874 5017 1069 5090 moresque
1096 4997 1287 5092 expoliunt
1309 5023 1511 5092 suavesque
1538 5011 1576 5069 et
1597 5001 1772 5089 amabiles

186 5109 364 5203 reddunt,
384 5116 551 5189 scientiis
576 5121 788 5218 artibusque
810 5129 1117 5201 exstruendorum
1137 5131 1411 5224 studiosissimi,
1439 5155 1484 5203 ea
1499 5130 1569 5203 fuit
1589 5133 1768 5205 educandi
