4692 6142
594 595 660 650 lx

601 810 647 881 de
674 809 719 880 iis
743 797 813 902 per
837 807 983 900 longam
1010 829 1189 880 annorum
1211 806 1346 878 seriem
1365 803 1625 895 referentium,
1646 804 1795 898 paginas
1811 826 1919 900 quam
1946 801 2092 876 multas
2112 831 2200 901 quo-

599 941 719 1010 tannis
745 938 975 1032 impleverit,
1003 951 1044 1009 ut
1068 940 1233 1031 ipsorum
1260 938 1411 1010 illorum
1437 937 1593 1030 simplex
1619 948 1657 1006 et
1681 935 1754 1006 fida
1779 937 1952 1008 recitatio
1981 961 2064 1008 non
2087 939 2197 1014 solum

604 1073 748 1166 egregie
773 1071 931 1142 sufficiat
956 1072 1002 1140 ad
1029 1073 1223 1163 imaginem
1251 1072 1372 1162 magni
1397 1081 1435 1138 et
1467 1068 1683 1139 nobilissimi
1713 1078 1901 1138 tantorum
1943 1091 2108 1162 operum
2141 1071 2194 1141 fa·

601 1205 840 1296 cinerumque
866 1203 1027 1274 auctoris
1053 1202 1232 1291 naturali,
1261 1225 1332 1294 qua
1357 1202 1553 1290 eminebat,
1581 1200 1855 1293 pulchritudine
1884 1212 1921 1270 ct
1952 1214 2096 1270 ornatu
2121 1205 2194 1273 cui·

595 1361 684 1430 que,
712 1337 886 1407 historiae
911 1336 968 1404 sui
993 1336 1169 1428 temporis
1198 1334 1256 1405 vel
1282 1335 1424 1404 modice
1445 1354 1571 1423 gnaro,
1597 1344 1679 1400 unte
1698 1332 1822 1402 oculos
1841 1333 2114 1422 revocandam,
2137 1337 2191 1405 sed

599 1479 639 1538 ut
664 1466 762 1537 illius
789 1467 1012 1560 expositione
1037 1466 1146 1535 simul
1171 1467 1347 1536 historiae
1372 1465 1549 1555 temporis
1582 1462 1877 1554 populorumque
1911 1473 1954 1531 et
1991 1464 2186 1554 ciuitatum,

600 1597 732 1690 quibus
758 1598 990 1668 moderandis
1017 1597 1383 1690 administrandisque
1408 1593 1469 1668 rel
1494 1594 1738 1664 recondendis
1763 1593 1822 1666 rir
1846 1593 2064 1664 illiusmodi
2088 1596 2193 1697 ritem·

598 1731 851 1822 impenderat,
872 1747 964 1823 ¹pars
991 1751 1120 1820 magna
1146 1751 1261 1821 eaque
1286 1728 1498 1820 gravissima
1524 1725 1758 1814 absolvatur,
1795 1727 1826 1794 is
1860 1738 1969 1796 certo
2005 1727 2184 1798 habendus
2233 1752 2235 1759 ·

598 1873 653 1932 est
679 1873 717 1930 et
741 1885 829 1953 prae
865 1859 988 1928 multia
1024 1860 1162 1929 saeculi
1194 1861 1313 1930 nostri
1343 1859 1523 1928 sideribus
1561 1856 1800 1926 celebrandus
1834 1857 2094 1947 magnanimus
2125 1857 2183 1928 ttts

600 1995 775 2085 Princeps
802 1991 1216 2084 Hardenbergius,
1245 2003 1328 2083 post
1352 1991 1485 2059 funera
1509 2012 1654 2082 quoque
1679 1987 1868 2077 Noster,
1896 1968 2024 2080 Regni
2051 1989 2181 2060 Berus-

597 2125 663 2195 sici
689 2123 893 2214 Columna,
917 2123 1044 2193 Reum
1071 2121 1212 2214 Optimi
1226 2121 1466 2191 fidelissimus
1493 2119 1724 2228 Consiliator
1742 2132 1781 2190 et
1804 2119 1980 2211 Amicus,
2016 2122 2179 2214 supremi,

598 2279 671 2350 quo
696 2254 823 2325 Recte
849 2256 1024 2348 sapientia
1050 2267 1086 2324 et
1109 2254 1242 2324 fiducia
1274 2254 1399 2347 Ipsum
1430 2253 1477 2321 ad
1513 2254 1615 2345 regni
1647 2253 1894 2345 gubernacula
1930 2255 2176 2343 constituerat,

567 2383 670 2457 'loci
696 2386 981 2479 incomparabile
1009 2398 1045 2456 et
1069 2361 1291 2478 praesidium
1318 2396 1355 2452 et
1381 2384 1510 2473 decus,
1546 2384 1664 2454 omnis
1698 2385 1930 2476 ingeniorum
1966 2406 2175 2478 morumque

596 2521 714 2590 cultus
740 2521 930 2590 nobilioris
964 2522 1173 2612 artiumque
1206 2530 1244 2623 et
1275 2518 1485 2588 litterarum
1517 2515 1823 2609 perficiendarum
1856 2539 1930 2587 non
1969 2518 2091 2588 solum
2122 2517 2174 2586 sed
2232 2571 2235 2579 .

596 2653 636 2721 in
661 2675 794 2742 genere
827 2651 1062 2721 humanitatis
1096 2661 1133 2720 et
1164 2661 1245 2719 tum
1274 2648 1443 2741 publicae
1482 2660 1561 2716 turn
1595 2649 1759 2741 privatae
1792 2651 2053 2743 prosperitatis
2077 2648 2171 2718 studii

598 2782 886 2876 incrementique
913 2784 1037 2859 Stator
1064 2793 1100 2852 et
1126 2780 1320 2851 Maecenas
1335 2832 1346 2868 ,
1374 2781 1545 2850 comitate
1571 2791 1608 2849 et
1633 2779 1841 2851 urbanitate
1867 2782 1962 2850 nulli
1980 2782 2127 2854 cedens.

697 2911 826 2982 Tantis
851 2914 972 3006 itaque
998 2923 1132 2981 ettam
1159 2912 1233 2981 late
1258 2913 1418 3006 undique
1443 2913 1649 3006 patentibus
1685 2915 1864 2987 virtutum
1890 2915 2169 3004 meritorumque

491 3087 496 3090 -
596 3044 763 3114 laudibus
789 3043 983 3112 florentem
1009 3043 1115 3130 Viri,
1145 3043 1230 3136 qui,
1259 3043 1345 3112 dum
1370 3067 1448 3114 non
1473 3046 1570 3134 Sibi,
1598 3047 1663 3116 sed
1688 3047 1785 3137 orbi,
1812 3070 1887 3116 non
1912 3047 2014 3114 Suae
2042 3055 2167 3114 tantum

596 3176 730 3263 aetati,
758 3175 823 3243 sed
848 3151 1016 3267 poslerae
1042 3197 1186 3266 quoque
1211 3174 1375 3263 vireret,
1403 3177 1479 3268 ipse
1504 3176 1583 3246 Sibi
1608 3176 1704 3249 ritae
1728 3188 1766 3258 at
1790 3176 2071 3248 benefactorum
2094 3198 2165 3244 mo·

595 3318 807 3382 numentum
836 3306 955 3376 erexit
980 3327 1065 3373 uere
1099 3306 1294 3398 perennius
1326 3309 1554 3399 posterisque
1584 3309 1644 3400 pie
1678 3287 1918 3398 serrandum,
1962 3305 2163 3378 memoriam

595 3438 693 3510 ritae
719 3437 836 3529 Ipsius
862 3448 1118 3529 gestorumque
1146 3437 1378 3506 enarratione
1406 3441 1510 3531 quasi
1549 3463 1570 3509 e
1604 3441 1731 3509 rostris
1766 3441 1921 3533 publicis
1963 3463 2088 3510 coram
2117 3444 2163 3504 tut

591 3569 745 3637 testibus
772 3569 989 3660 arbitrisque
1014 3567 1235 3658 gravissimis
1261 3580 1298 3637 et
1321 3571 1544 3660 gnarissimis
1570 3583 1759 3662 repetere,
1795 3574 1874 3665 quis
1900 3567 2062 3643 audeat?
2093 3565 2161 3661 quis

594 3680 741 3791 dignum
776 3725 814 3768 se
849 3701 1007 3792 satisque
1042 3700 1224 3772 valentem
1257 3703 1432 3792 praebeat
1467 3713 1544 3773 tam
1586 3703 1698 3797 ampli
1729 3715 1768 3772 et
1800 3706 1925 3795 ardui,
1972 3727 2020 3774 nc
2054 3703 2158 3770 dicam

591 3832 836 3924 praematuri,
865 3833 990 3924 operis
1024 3828 1215 3901 actorem?
1246 3832 1317 3902 nisi
1347 3833 1440 3904 Viro
1475 3855 1606 3926 magno
1639 3836 1727 3904 olim
1758 3838 1908 3929 propius
1933 3837 2099 3921 adstans,
2128 3837 2159 3901 ri

591 3986 671 4030 cum
699 3963 783 4053 Ipso
809 3963 981 4032 familiari
1006 3965 1281 4057 consuetudine,
1310 3965 1370 4040 rel
1395 3977 1579 4060 gestorum
1605 3969 1894 4062 meritorumque
1920 3962 2041 4062 aliqua
2063 3984 2155 4034 corn·

588 4093 762 4182 munione
790 4095 923 4200 arctius
950 4092 1222 4183 coniunctusl

688 4227 813 4312 erare
841 4249 935 4294 urrrrc
963 4250 1105 4320 quoque
1131 4207 1332 4297 Academia
1356 4229 1518 4302 Naturae
1541 4214 1801 4325 Curiosorum,
1824 4210 2037 4304 dum'tuctu
2061 4232 2160 4298 com-⁸

585 4359 688 4429 muni
715 4380 786 4426 non
813 4359 928 4428 solum
955 4360 1021 4428 sud
1046 4361 1221 4451 singulari
1248 4372 1399 4453 prorsus
1426 4389 1472 4434 ex
1497 4368 1599 4436 obitu
1624 4379 1700 4437 tam
1725 4370 1845 4460 magni
1870 4379 1908 4437 et
1932 4367 2006 4437 cari
2027 4354 2151 4450 capitit

584 4491 834 4586 perfunditur,
863 4475 1144 4585 planctuumque
1171 4494 1414 4586 interpretem
1440 4474 1758 4597 sermoneinsatis
1785 4501 1960 4569 disertum
1983 4492 2148 4568 viridum·

585 4647 656 4718 que
674 4615 848 4719 'invenire
873 4625 999 4712 nescit,
1029 4625 1066 4692 id
1093 4625 1244 4694 minime
1268 4626 1340 4696 sibi
1364 4631 1488 4720 sumit,
1516 4642 1558 4699 ut
1581 4631 1679 4700 inter
1704 4632 1851 4701 ordines
1877 4593 2145 4720 biograptierum

583 4755 779 4826 'l'utoris
810 4768 847 4826 et
872 4756 1080 4826 Statoris
1106 4758 1181 4846 sui,
1219 4782 1309 4850 quos
1340 4770 1419 4830 turn
1456 4783 1628 4853 praesens
1665 4762 1738 4832 iam
1769 4761 1855 4831 tulit
1886 4771 2049 4852 tempus,
2080 4759 2147 4818 11111

583 4887 699 4954 serius
724 4887 887 4958 saturum
915 4889 1011 4958 leret
1043 4888 1218 4981 copiosos
1248 4888 1429 4986 longeque
1465 4891 1698 4964 facundiores
1727 4893 2003 4985 dignioresque,
2037 4884 2143 4952 10111111

584 5017 742 5113 aliquem
769 5021 935 5092 obtinere
961 5022 1102 5091 audeat.
1151 5011 1473 5093 Attamen‘tteesse
1490 5025 1685 5095 Academia
1710 5035 1837 5095 nostra
1859 5046 1927 5093 nec
1953 5017 2062 5097 voluit
2083 5023 2141 5078 net
