4692 6142
919 1385 1087 1476 VITA

477 1550 1538 1734 Henetotuuuett

387 1881 690 1958 AOADEMIAE
726 1886 768 1956 0.
798 1885 844 1957 L.
879 1887 923 1962 C.
954 1881 1209 1958 NATURAE
1245 1881 1616 1978 CURIOSORUM,

726 2049 822 2113 nuru
859 2047 1070 2128 niveum,
1107 2047 1233 2112 soen.

307 2290 322 2326 4

188 2305 448 2442 Henricus
474 2367 620 2460 Kuhl,
659 2370 719 2440 die
754 2369 869 2441 XVII
893 2353 1120 2464 Septembris
1147 2370 1234 2442 anni
1258 2366 1556 2440 Muccxcvll
1589 2367 1786 2441 Honorino

185 2515 290 2572 natus
318 2513 381 2574 est.
430 2501 450 2572 J
460 2523 628 2574 oannes
656 2501 889 2574 Henrious
916 2500 1058 2591 Kuhl,
1098 2512 1205 2595 pater
1230 2503 1331 2588 eius,
1361 2469 1413 2570 ‘'et
1437 2504 1515 2571 iam
1541 2512 1620 2572 tutti
1645 2498 1717 2570 tuit
1743 2513 1782 2569 et

182 2657 280 2704 nunc
306 2645 360 2704 est
384 2634 521 2705 ibidem
547 2634 673 2703 iudicii
707 2632 943 2726 provincialis
960 2635 1141 2726 princeps.
1179 2629 1333 2698 Maria
1355 2629 1521 2700 iudith
1547 2629 1782 2724 Walther,

182 2767 431 2854 mataraius,
466 2786 560 2858 quae
586 2775 730 2833 mature
753 2766 828 2834 iarn
853 2768 930 2837 vita
955 2764 1131 2853 decessit,
1176 2759 1253 2832 lilia
1277 2759 1351 2834 fuit
1380 2762 1565 2866 Frideriei
1598 2763 1780 2838 Guilelmi

86 2975 92 2986 .
182 2894 395 2982 Walthari,
431 2893 515 2988 qui,
549 2892 637 2962 dum
663 2895 829 2984 vivebat,
868 2893 1066 2969 Hanotiae
1091 2893 1219 2967 consul
1246 2873 1342 2966 erat]

283 3022 466 3116 Kuhlius,
494 3049 516 3095 a
541 3038 672 3095 natura
697 3027 1010 3120 praestantissimo
1034 3028 1182 3122 ingenio
1206 3027 1429 3116 instructus,
1477 3026 1552 3098 iam
1576 3029 1623 3099 eb
1656 3027 1786 3100 ultima

179 3159 340 3253 pueritia
364 3155 686 3229 studio'nistoriae
711 3158 887 3229 naturalis
905 3160 958 3229 ita
985 3149 1137 3231 allectus
1162 3168 1238 3250 est,
1273 3170 1316 3230 nt
1350 3180 1459 3231 omne
1481 3150 1641 3253 tempus,
1667 3162 1781 3257 quod,

180 3291 328 3362 scholae
353 3293 475 3386 pensis
501 3290 697 3380 absolutis,
725 3303 936 3385 supererat,
968 3294 1008 3361 in
1035 3315 1080 3361 eo
1106 3306 1353 3362 consumeret.

278 3423 443 3516 Contigit
467 3422 521 3516 ei,
562 3434 604 3492 ut
626 3433 795 3516 tempore
827 3434 864 3494 et
887 3423 1029 3494 familia
1053 3434 1294 3515 nasceretur,
1333 3447 1426 3519 quae
1450 3423 1608 3495 multum
1634 3426 1680 3495 ad
1697 3448 1782 3496 eum

179 3555 443 3651 excolendum,
464 3556 685 3648 adiuvabat3
750 3578 817 3625 nee
861 3556 960 3626 enim
991 3558 1183 3651 quisquam
1215 3556 1385 3650 negabit,
1428 3558 1597 3645 inventa,
1650 3559 1782 3651 quibus

176 3691 391 3788 nuperrime
417 3690 557 3760 multae
581 3689 758 3761 historiae
783 3689 959 3758 naturalis
984 3701 1106 3784 partas
1124 3690 1327 3762 illustratae
1348 3701 1455 3782 sunt,
1482 3692 1701 3785 praesertim
1720 3714 1782 3760 na-

177 3836 284 3896 turae
310 3824 591 3917 indagatoribus
616 3824 663 3894 ad
688 3821 866 3892 Moenum
893 3845 972 3892 esse
997 3822 1253 3892 adscribenda.
1304 3789 1307 3796 Ι

277 3955 322 4027 ln
349 3979 479 4027 eorum
505 3966 628 4027 autem
654 3977 810 4028 numero
835 3953 989 4025 fuerunt
1012 3954 1120 4025 multi
1156 3955 1267 4025 amici
1293 3955 1406 4048 patris
1440 3953 1541 4043 eius,
1577 3966 1619 4025 ut
1652 3955 1780 4025 Leis-

178 4085 329 4180 letus,
364 4086 602 4182 Meyerus,
647 4087 968 4175 Gaertnerus,
993 4087 1050 4158 de
1075 4085 1353 4176 Leonberd,
1389 4085 1436 4156 al.
1505 4085 1569 4156 Ex
1598 4086 1674 4177 his,
1718 4087 1783 4181 qui

178 4219 300 4312 primo
325 4220 409 4292 loco
434 4221 606 4319 appellati
629 4233 736 4314 sunt,
764 4219 1014 4296 Leisierus
1040 4232 1078 4291 et
1103 4217 1339 4314 Meyerus,
1368 4242 1454 4290 eum
1478 4218 1639 4290 docuere
1656 4220 1781 4292 aeolo»

189 4399 479 4419 —m

205 4502 240 4576 ⁸)
257 4503 576 4576 Epitomelaudationir,
586 4524 603 4562 a
615 4509 737 4566 Theod
748 4525 811 4563 oro
828 4522 898 4566 van
917 4505 973 4564 Sw
983 4504 1156 4590 indurati,
1176 4503 1341 4562 Professum
1356 4502 1560 4575 Groninssensi,
1571 4503 1695 4568 habitae,
1706 4522 1778 4575 quae

252 4599 439 4662 inscribitur:
460 4603 610 4676 Hydragtn
629 4617 670 4659 tot
696 4605 859 4660 canescitis
877 4620 931 4658 van
949 4601 993 4655 het
1014 4599 1113 4664 leuen,
1133 4598 1179 4653 het
1199 4599 1360 4661 tarnim,
1393 4615 1425 4652 en
1438 4599 1485 4651 dio
1513 4596 1698 4651 Vtrdienstm
1722 4617 1777 4653 van

248 4695 335 4764 mylen
354 4695 409 4752 Dr.
427 4695 466 4752 Η.
483 4697 567 4763 ΚηΙιΙ,
587 4703 658 4755 door
678 4700 777 4757 Tiuod,
796 4717 850 4754 van
871 4698 1044 4756 Sminderett.
1061 4697 1095 4750 Te
1106 4696 1263 4763 (truinges
1278 4693 1353 4762 bys.
1364 4693 1500 4748 Oomttttr.
1511 4691 1592 4750 1822
1608 4691 1643 4750 71
1663 4707 1727 4763 pag.
1744 4695 1775 4748 in

248 4788 343 4844 tuno.
379 4788 486 4842 Auctor
503 4792 647 4860 pollicitus
666 4802 727 4856 est,
754 4809 786 4846 se
807 4791 926 4845 edendis
945 4789 1062 4863 scriptis
1080 4786 1184 4844 mortui
1201 4787 1336 4843 Kuhiii
1364 4781 1589 4856 praemissurum
1607 4800 1673 4839 este
1691 4787 1778 4841 sitam

247 4880 323 4939 eius.
359 4871 417 4938 Sed
442 4899 518 4938 nunc
556 4883 743 4951 fragmentum
772 4893 882 4940 tantum
900 4884 991 4940 edidit
1008 4885 1159 4950 orationis,
1184 4899 1269 4955 quam
1287 4879 1414 4939 XXVIII
1433 4879 1531 4956 Martii
1549 4877 1595 4932 dia
1621 4879 1697 4949 apud
1722 4881 1776 4935 So·

248 4975 380 5031 rietatem
399 4986 519 5032 naturae
539 4977 769 5048 investigaturum
800 4981 962 5049 Groningse
981 4981 1089 5038 habuit.
1139 4979 1202 5041 Quo
1217 4979 1281 5032 loco
1298 4976 1385 5032 simul
1411 4974 1534 5042 rogavit,
1568 4980 1611 5037 ut,
1644 4975 1694 5045 qui
1712 4991 1776 5045 pro-

248 5069 326 5142 piora
345 5071 381 5126 de
400 5068 464 5127 eius
481 5071 540 5131 vita
557 5073 660 5137 sciant,
680 5075 748 5128 talia
762 5093 860 5132 secum
874 5075 1093 5140 communicent,
1110 5080 1167 5146 quo
1184 5073 1342 5146 perfectius
1358 5073 1477 5130 reddere
1489 5070 1580 5146 possit
1594 5085 1667 5142 opas
1677 5085 1777 5128 tuum.

1347 5172 1386 5267 s
