4692 6142
519 543 609 635 'aso'
1101 552 1142 623 o.
1178 549 1221 625 r.
1255 554 1504 644 sennenn,

648 752 807 842 Gaulos
825 734 1052 863 caespitosi
1068 742 1261 836 unciales
1281 748 1560 862 otlongiores
1574 746 1692 833 foliis
1708 744 1839 834 deuse
1857 749 1999 835 restiti
2021 752 2131 835 sim-

528 897 663 1015 plices
684 896 754 980 vel
779 889 1074 1009 utplurimum
1105 891 1285 993 ramosi,
1319 891 1450 979 ramis
1478 892 1725 1005 fastigiatis3
1757 892 1865 979 lolia
1886 892 2129 983 subimltri-

491 1081 503 1099 ·
529 1063 622 1145 cata
645 1035 740 1122 basi
754 1033 1003 1145 vaginantia
1027 1029 1365 1145 ovato-oblonga
1385 1034 1780 1149 plicato-carinam,
1809 1012 2129 1151 maigine'dor-

527 1212 667 1299 aoque
695 1174 991 1264 scabriuscula
1021 1176 1154 1290 plana
1186 1176 1257 1261 vel
1292 1175 1488 1284 reflexa,
1528 1208 1655 1293 saepe
1693 1178 1905 1269 lareribus
1944 1179 2127 1294 plicata,

531 1327 654 1439 apice
685 1320 757 1410 vel
772 1313 1066 1405 obtusissima
1091 1317 1218 1436 quasi
1245 1343 1446 1409 truncata
1471 1345 1515 1407 et
1535 1320 1746 1439 obliqua,
1778 1322 1854 1411 val
1874 1320 2128 1438 paullulum

530 1486 656 1551 acuta
684 1462 783 1581 pilo
810 1460 911 1577 plus
941 1461 1087 1546 minus
1121 1458 1254 1573 longo
1285 1458 1524 1549 fluctuante
1553 1462 1771 1549 serrulato
1809 1458 1910 1549 albo
1941 1490 2022 1549 sen
2053 1492 2133 1549 ru-

529 1603 720 1691 sescenta
748 1601 1014 1710 terminata,
1054 1601 1311 1687 latescentia
1345 1605 1413 1688 vel
1450 1604 1576 1713 rufa,
1602 1602 1813 1719 ‘patentia
1838 1586 2131 1717 saeposciroi·

460 1860 463 1867 ¹
527 1748 666 1835 natim
692 1768 948 1849 recurvata,
979 1772 1201 1859 suprema
1240 1744 1552 1833 annotinorum
1580 1746 1778 1853 stellata,
1824 1767 1914 1831 seta
1940 1744 2132 1835 uncialis

450 1919 454 1924 ⁴
528 1916 572 1981 et
610 1892 784 2004 longior
831 1914 1056 2003 purpurea
1090 1882 1391 1989 subnexuosa,
1448 1886 1542 1971 basi
1576 1884 1695 1973 foliis
1729 1884 2126 2001 'petichactialibtts
2185 1874 2203 1897 ⁸

529 2053 646 2117 arcte
680 2032 880 2141 saginata
915 2026 1044 2143 quasi
1083 2002 1313 2132 tubero'sa,
1361 2030 1565 2143 vaginula
1605 2051 1955 2144 atropurpurea3
2000 2028 2127 2117 theca

528 2144 805 2287 cylindrica,
836 2167 908 2257 vel
936 2165 1032 2251 basi
1055 2166 1258 2279 paullum
1277 2173 1525 2254 ventricosa
1551 2194 1670 2257 recta
1685 2170 1757 2258 vel
1771 2149 1931 2259 leniter
1948 2194 2126 2257 curvata

434 2382 449 2393 ,
527 2311 912 2418 fusco-brunnam
957 2310 1268 2426 peristomium
1309 2308 1564 2401 tubulosum
1600 2313 1695 2400 basi
1728 2310 1955 2419 albidum,
2002 2314 2124 2428 apice

528 2457 679 2545 fissum
705 2476 869 2543 tortum
900 2484 1202 2571 purpureum,
1241 2455 1501 2571 operculum
1527 2456 1781 2543 subulatum
1813 2454 2141 2555 rectiusculnm,

527 2598 655 2684 theca
684 2594 825 2713 duplo
856 2596 1049 2683 brevius.
1070 2644 1120 2667 -
1142 2594 1238 2693 Cel.
1265 2592 1483 2680 Hoolter
1509 2595 1639 2681 huius
1669 2594 1833 2711 speciei
1867 2595 2122 2682 varietatem

527 2742 814 2843 memoravit,
843 2740 901 2826 ad
926 2739 1108 2827 arbores
1135 2762 1428 2843 crescentem,
1461 2736 1623 2824 foliis
1664 2737 1976 2827 latioribus
2010 2736 2124 2823 bre-

525 2885 950 3001 viuspiliferis,
979 2913 1114 3001 qnam
1134 2878 2121 2992 TortulaemucronisoliaeSchwaegr.

527 3034 586 3116 ita
618 3032 812 3148 similent
842 3052 992 3143 putat,
1034 3050 1084 3112 ut
1099 3026 1154 3113 de
1182 3022 1437 3111 discrimine
1460 3056 1612 3113 earum
1638 3025 1767 3141 plane
1790 3020 2124 3138 dubitet,.qqu

517 3174 738 3291 ‚equidem
780 3170 898 3257 haud
940 3171 1171 3283 intelligo,
1226 3170 1299 3253 vix
1347 3176 1465 3255 enim
1513 3169 1654 3255 musci
1706 3166 1842 3281 magis
1884 3163 2119 3249 dissimiles

527 3341 646 3416 sunt,
684 3345 820 3435 quam
850 3316 997 3429 Syntr.
1030 3313 1189 3399 ruralis
1216 3334 1261 3399 et
1286 3312 1613 3403 mucronifolia.
1732 3409 1736 3415 ¹
1840 3348 1861 3391 s

586 3632 629 3726 tl.
671 3629 927 3715 Stramenta
961 3623 1168 3741 laevipila
1198 3622 1416 3710 Bridel.
1447 3668 1497 3691 ·-
1527 3616 1639 3705 Tau
1670 3614 1883 3705 XXXIV.
1920 3610 1990 3727 fig.
2022 3615 2062 3717 d.

644 3906 686 3991 S.
721 3904 845 3992 caule
886 3900 1011 3990 brevi
1048 3931 1245 4007 ramoso,
1289 3900 1407 3987 foliis
1445 3890 1877 4011 oblongo-obovatis
1920 3884 2120 3974 carinatis

528 4050 694 4140 obtusis
745 4047 934 4166 piliferis
978 4049 1175 4160 margine
1229 4026 1399 4161 planis,
1441 4038 1566 4125 theca
1608 4034 1799 4146 oblonga
1843 4030 2118 4132 subcurvare,

529 4190 738 4307 operculo
766 4185 1212 4302 conico·cylindrico
1243 4184 1415 4273 obtuso.

577 4354 787 4448 Syntrichia
811 4354 984 4444 laeripila
1009 4354 1135 4419 Brid.
1161 4351 1330 4423 Method.
1356 4352 1417 4438 98.

577 4475 741 4554 Barbula
765 4473 884 4569 pilosa
909 4470 1063 4542 Bruch
1087 4466 1149 4566 (in
1173 4468 1243 4540 list.
1270 4470 1317 4538 ad
1342 4467 1624 4566 Horuschuclr.)

676 4599 711 4698 β.
739 4599 941 4700 mutilae,
957 4563 1076 4665 'foliis
1098 4595 1201 4689 apice
1226 4594 1432 4665 rotundatis
1458 4594 1611 4667 muticis.
1632 4628 1683 4647 -
1698 4589 1756 4688 fig.
1783 4600 1818 4681 4.
1845 4592 1887 4661 B.

576 4722 735 4796 Tortula
775 4718 931 4791 latifolia
976 4716 1102 4789 Bruclr
1142 4718 1185 4787 in
1224 4716 1294 4789 litt.
1330 4720 1378 4789 ad
1415 4714 1766 4811 Hornsoltuchiurn,
1810 4714 1960 4786 adiectis
1994 4710 2121 4805 speci-

733 4843 903 4915 minibus.
1012 4861 1029 4894 ⁶

570 5015 586 5042 '
636 5015 821 5101 Habitat
852 5018 894 5097 in
924 5014 1046 5133 Italia
1073 5002 1121 5097 ct*
1145 5011 1411 5122 Germania;
1461 5015 1578 5099 circa
1610 5012 1792 5097 Romam
1826 5034 1869 5097 et
1897 4989 2117 5122 Neapolin
