4692 6142
1705 642 1799 724 xgxr

189 853 255 924 sed
281 851 330 922 ob
353 846 551 922 ineffabilis
577 847 720 924 virtutis
755 849 794 921 in
819 851 957 947 campis
982 849 1055 922 iltis
1081 850 1239 948 Belgicis
1279 852 1376 924 edita
1401 851 1566 928 facinora
1599 855 1638 927 in
1675 880 1795 929 anna-

190 983 289 1058 libus
314 985 456 1082 patriae
481 985 519 1055 in
544 993 739 1056 aeternum
764 984 1006 1058 memorabile
1040 985 1285 1084 stipendium,
1314 987 1500 1060 Borussici
1527 989 1687 1062 nomhris
1712 982 1798 1062 ola-‘

194 1099 345 1194 ritatem
372 1119 588 1214 aquilaeque
614 1117 1016 1215 Regiaespleudotem
1042 1134 1118 1192 tam
1144 1125 1290 1218 egregie
1316 1123 1541 1213 adauxerat,
1574 1125 1796 1221 imperiique

194 1241 412 1350 potestatem
457 1253 711 1350 ambitumque
754 1255 914 1326 maxime
951 1254 1190 1346 firmaverat,
1231 1257 1395 1331 frontem
1427 1251 1793 1352 Hardenbergii,

192 1390 231 1464 in
257 1389 314 1460 hia
337 1390 438 1485 pacis
463 1387 717 1462 conciliandae
740 1385 1017 1485 firmandaeque
1042 1393 1213 1486 negotiis,
1240 1404 1319 1463 tum
1338 1391 1531 1485 Lutetiae,
1558 1391 1638 1465 tum
1664 1384 1797 1492 (1814)

194 1528 232 1596 in
258 1497 456 1618 congressu
490 1522 735 1598 celeberrimo
771 1523 974 1598 Viennensi
1007 1526 1148 1621 patriae
1184 1525 1369 1627 Regisque
1390 1539 1515 1622 partes
1540 1528 1799 1601 strenuissimo·

192 1681 275 1732 cum
309 1657 390 1730 zelo
425 1659 584 1752 agentis,
620 1682 716 1731 nova
743 1681 858 1754 eaque
883 1659 1132 1730 lucentissima
1154 1663 1374 1732 meritorum
1399 1683 1537 1733 corona
1561 1658 1689 1753 cinxit,
1715 1674 1796 1733 tana

190 1763 343 1887 tumque
369 1795 510 1888 gratiae
536 1792 592 1866 Ei
617 1793 714 1888 apud
739 1793 891 1884 Rnpan
918 1791 1154 1888 Optimum
1179 1792 1339 1885 addidit,
1366 1805 1409 1864 ut
1436 1794 1505 1886 Is,
1540 1796 1578 1867 in
1604 1796 1795 1892 publicum

192 1929 307 1998 animi
339 1928 596 2000 studiosissimi
638 1929 804 2024 gratique
840 1896 931 2021 erga
970 1939 1072 2000 tanta
1115 1928 1320 2026 promerita
1353 1927 1639 2023 documentum,
1676 1928 1796 2022 Regni

194 2061 469 2133 cancellarium
488 2061 630 2134 Suum
651 2084 817 2158 purpura
836 2060 1087 2156 Principia
1108 2063 1286 2154 vestiret,
1312 2074 1351 2134 et
1368 2063 1408 2134 in
1422 2064 1649 2160 principatus
1669 2063 1796 2134 dotem

195 2194 352 2290 Ipsum
378 2209 565 2270 terrarum
592 2219 852 2288 amoenorum,
886 2199 925 2269 in
958 2195 1127 2268 Marohia
1151 2197 1479 2292 Braudenburgicu
1514 2198 1668 2271 sitarum
1681 2250 1692 2291 ,
1719 2220 1790 2270 no-

189 2332 364 2429 mineque
388 2331 773 2426 Neu-Hardenberg
797 2355 819 2402 a
844 2331 958 2404 Rosa
986 2332 1261 2427 insignitarum,
1290 2334 1479 2406 dominum
1504 2331 1657 2406 iaceret.

293 2465 481 2539 Redeunti
506 2468 725 2566 Principi
753 2469 1070 2540 serenissimo
1097 2468 1144 2537 ad
1169 2471 1308 2562 patrios
1332 2457 1452 2558 lares,
1479 2477 1516 2536 et
1542 2465 1589 2536 ad
1613 2465 1793 2577 glorioses

189 2602 289 2698 pacis
313 2600 456 2676 fructus
494 2603 739 2698 redigendos,
785 2626 973 2698 novasque
1013 2603 1131 2694 Regni
1157 2600 1346 2670 Borussici
1377 2598 1605 2670 accessiones
1630 2595 1792 2667 faculta-

186 2743 317 2830 tesque
345 2735 567 2808 ordinandas
593 2747 631 2806 et
656 2735 788 2806 Reors
814 2737 1031 2808 auctoritate
1062 2732 1389 2823 administrandas,
1429 2731 1564 2828 plausit
1587 2729 1793 2826 gratissima

191 2869 335 2959 patria,
380 2877 419 2938 et
454 2867 665 2962 quicunque
700 2865 899 2938 Borussico
925 2868 1082 2962 imperio
1117 2865 1290 2962 adscripti
1314 2876 1418 2955 sunt,
1452 2865 1513 2938 vel
1547 2866 1624 2937 cius
1649 2861 1792 2935 nomini

193 2998 409 3096 gloriaeque
449 3000 545 3072 bene
579 2999 720 3075 volunt.
797 3001 1021 3074 Plauserunt
1054 3001 1224 3096 inprimis
1265 2997 1487 3074 Provinciae
1529 3010 1700 3090 nostrae,
1744 2996 1791 3067 ad

191 3131 364 3206 Rhenum
389 3145 427 3206 et
450 3145 551 3208 trans
568 3158 653 3207 eum
679 3136 784 3226 sitae,
812 3159 907 3234 quae
931 3134 1030 3206 illius
1054 3135 1222 3230 pacis'vi
1246 3133 1383 3228 partim
1410 3134 1602 3207 redierunt
1625 3133 1694 3205 sub
1721 3133 1791 3203 de-

192 3265 375 3338 sideratae
400 3267 545 3362 aquilae
570 3269 668 3360 alas,
706 3271 844 3366 partim
870 3293 988 3348 novae
1013 3270 1202 3342 Borussici
1228 3269 1374 3364 imperii
1399 3281 1523 3363 partes
1548 3267 1668 3340 factae
1693 3279 1790 3338 sunt.

192 3397 456 3492 cognoverunt
487 3402 586 3476 enim
613 3403 908 3500 Principem,
943 3402 1090 3498 Regni
1117 3401 1491 3494 cancellarium,
1527 3405 1689 3499 primum
1715 3425 1789 3474 uo-

192 3555 260 3606 vae
285 3532 460 3607 fortunae
485 3535 723 3634 lectionisque
756 3538 977 3610 conditionis
1010 3548 1190 3609 statorem
1216 3547 1255 3607 et
1278 3558 1494 3626 suasorem,
1523 3547 1561 3607 et
1584 3559 1698 3632 quum
1723 3534 1791 3630 lp·

188 3689 284 3740 sum
309 3691 398 3740 mox
422 3664 555 3768 (1818)
580 3670 636 3742 bis
662 3670 874 3768 pluriesque
898 3671 1123 3760 salutarent,
1151 3682 1231 3741 tum
1255 3669 1304 3739 ad
1328 3667 1450 3742 Rheni
1475 3692 1647 3742 amoenas
1674 3671 1786 3764 ripas,

186 3809 266 3872 tum
302 3797 524 3898 aquisgrani
559 3805 598 3876 in
633 3803 920 3877 Monarcharum
953 3803 1234 3876 foederatorum
1269 3823 1484 3899 congressu,
1529 3817 1649 3876 terras
1680 3804 1789 3874 hasce

189 3935 370 4010 visentem
394 3946 432 4012 et
458 3961 542 4012 cum
567 3939 708 4014 civibus
734 3940 780 4014 de
804 3939 987 4011 firmanda
1012 3939 1249 4036 augendaque
1285 3923 1416 4012 eorum
1450 3940 1696 4036 prosperitate
1711 3928 1789 4007 ⁴ore

189 4070 404 4165 suaviloquo
430 4081 620 4166 agentem,
656 4095 741 4146 cnm
767 4073 903 4146 eximia
939 4074 1053 4146 animi
1088 4071 1335 4148 satisfactione
1370 4072 1488 4146 Eius
1519 4072 1787 4145 humanitatem

191 4223 265 4271 non
290 4205 430 4296 solum,
466 4206 532 4280 sed
562 4207 756 4322 providam
782 4230 929 4306 quoque
966 4228 1091 4280 curam
1127 4203 1292 4304 vereque
1326 4206 1549 4282 benevolum
1578 4205 1788 4300 incolarum

190 4333 382 4410 Borussiae
409 4341 608 4414 Rhenanae
634 4343 797 4418 studium
821 4343 939 4417 indies
963 4343 1078 4438 magis
1105 4343 1292 4439 magisque
1317 4352 1493 4442 expertae
1517 4353 1614 4414 sunt.

291 4469 345 4540 Ut
368 4475 465 4544 enim
487 4477 635 4580 'reliqua
660 4477 845 4574 permulta
869 4501 1093 4574 magnaque,
1128 4480 1260 4575 quibus
1286 4476 1531 4573 Principia
1557 4467 1787 4576 serenis-2

187 4605 295 4675 simi
319 4605 626 4700 sapientissimum
653 4613 845 4687 consilium
875 4613 1175 4714 indefessumque
1208 4613 1298 4686 boni
1331 4611 1590 4712 commodique
1623 4608 1786 4694 studium

187 4737 297 4810 saluti
323 4738 481 4836 llorique
515 4747 619 4846 regni
644 4749 730 4821 inde
755 4772 776 4818 a
802 4749 901 4844 pacis
927 4750 1160 4821 restitutione
1186 4770 1303 4846 usque
1328 4745 1375 4817 ad
1398 4746 1549 4819 ultimos
1582 4743 1680 4817 ritae
1707 4743 1785 4814 dies

190 4874 336 4966 egregie
362 4877 575 4970 prospexit,
603 4879 762 4974 digniori
789 4883 934 4956 calamo
959 4881 1142 4956 laudanda
1167 4883 1443 4978 relinquamus,
1479 4899 1594 4949 unum
1619 4889 1783 4948 tantum·

187 5007 299 5080 modo
311 5059 324 5100 ,
349 5008 460 5104 idque
486 5007 692 5086 Provinciis
717 5015 904 5090 Rhenanis
930 5015 1278 5114 Guestphalicisque
1304 5035 1448 5085 summe
1473 5020 1662 5108 acceptum
1688 5009 1781 5080 cele·

185 5141 531 5242 bratissimumque,
550 5167 760 5220 memorare
778 5151 880 5226 iuvat
896 5151 1135 5244 beneficium,
1156 5175 1180 5222 a
1192 5150 1308 5221 Rasa
1327 5144 1650 5220 Dilectissimo
1668 5141 1786 5216 can·
1809 5129 1816 5141 ’
