4692 6142
541 581 729 656 liccem
759 554 948 653 Generum
970 570 1167 651 Barbula·
1192 586 1228 643 et
1252 574 1501 667 &neaeman
1733 581 1804 657 281

213 781 418 871 intectis
462 803 508 869 et
535 770 1025 894 campis-Bridelius
1071 772 1247 884 copiose
1298 772 1495 879 iuvenit3
1544 773 1722 893 Biponri
1761 777 1806 908 in

211 926 379 1013 truncis
405 923 613 1035 arborum
639 920 746 1033 legit
775 913 1239 1003 Bruchius.-Var
1270 936 1308 1035 β,
1334 914 1519 1033 Biponti
1543 914 1600 999 ad
1630 940 1806 1007 truncos
1915 950 1918 957 ’

216 1070 428 1159 arborum
455 1068 568 1158 lectu
598 1084 662 1175 est
693 1094 716 1145 a
746 1056 1023 1166 Bruchio,
1065 1088 1166 1144 raro
1195 1054 1543 1157 fructificans.u

333 1234 495 1327 Caules
521 1226 712 1319 conferti
741 1226 898 1313 breves
925 1223 997 1309 vix
1026 1222 1334 1337 unguiculares
1362 1225 1644 1311 ramosissimi
1675 1222 1809 1312 deuse

216 1378 393 1482 loliosi,
437 1374 549 1460 rami
583 1350 831 1457 brevissimi
868 1363 1122 1470 incrassati3
1169 1361 1277 1447 solia
1314 1363 1526 1479 oblonga·
1544 1364 1695 1454 medio
1736 1396 1810 1449 an-

217 1519 409 1635 gustiora
433 1509 755 1603 subconstricla
780 1506 1002 1606 carinaaa,
1035 1502 1206 1615 apicem
1231 1531 1382 1599 versus
1404 1504 1560 1591 latiora
1580 1504 1816 1630 rotundatu

217 1658 490 1777 planiuscula
504 1716 518 1758 ,
556 1652 652 1768 pilo
688 1650 815 1738 brevi
845 1648 1051 1736 tenuiore
1078 1650 1151 1731 vix
1180 1647 1399 1734 serrulato
1425 1646 1518 1735 basi
1546 1648 1813 1739 luscescente

216 1806 474 1903 terminata,
520 1793 794 1909 marginibus
820 1822 919 1907 ⁴nec
957 1791 1192 1877 incrassata
1229 1820 1326 1874 nec.
1355 1790 1541 1897 reflexa,
1588 1794 1815 1881 luteo-vi-

150 1930 167 1950 ’
217 1943 333 2029 ridia
367 1940 583 2057 patentia,
622 1940 694 2027 vix
720 1934 917 2051 apicibus
944 1954 1199 2039 recurvata3
1250 1956 1340 2017 seta
1371 1934 1671 2061 unguiculaiis
1697 1966 1816 2024 cras.

217 2081 405 2184 aimcula
423 2108 648 2195 purpurea
664 2078 824 2165 leniter
840 2096 971 2178 torta,
989 2075 1194 2187 vaginula
1206 2074 1451 2187 cylindrica
1468 2068 1815 2189 purpurescensj
1840 2122 1847 2135 ·

218 2221 344 2309 theca
371 2221 651 2331 brevinsepla
678 2218 869 2329 oblonga
894 2215 987 2301 lere
1004 2238 1065 2299 ⁴ut
1088 2214 1136 2298 in
1160 2214 1290 2301 Barh.
1316 2217 1507 2316 murali,
1549 2219 1705 2305 leviter
1722 2250 1820 2305 cur-

218 2390 318 2453 vata
364 2363 726 2451 fusco-brunnen
777 2390 856 2445 seu
889 2357 1150 2471 nigricana3.
1177 2360 1439 2468 operculum
1481 2360 1820 2479 conice-cylin-

219 2506 396 2595 dricum
426 2505 658 2607 obtusum3
699 2500 1011 2616 peristomium
1035 2527 1170 2614 quam
1195 2501 1244 2584 in
1276 2502 1458 2619 reliquis
1492 2500 1623 2588 huius
1649 2508 1818 2617 generis

215 2648 424 2752 brevius,
462 2669 608 2731 tamen
635 2642 693 2731 ad
718 2641 956 2730 dimidiam
987 2639 1312 2754 longitudinem
1336 2643 1591 2732 tubulosum
1626 2648 1819 2734 albicans

220 2790 345 2906 apice
377 2785 528 2873 fissum
559 2788 612 2873 in
645 2784 801 2874 dentes
839 2814 1258 2900 roseo-purpureos,
1293 2786 1452 2875 leniter
1490 2811 1728 2877 contortos.
1759 2838 1820 2859 -

222 2932 258 3017 A
289 2927 581 3044 praecedente
614 2928 799 3014 omnino
825 2928 997 3015 diversa
1023 2923 1134 3009 mihi
1161 2924 1340 3013 videtur
1367 2925 1472 3015 haec
1499 2937 1692 3043 specim,
1734 2963 1824 3017 non

222 3069 406 3190 quidem
440 3072 573 3157 ramis
605 3072 852 3159 incrassatis
878 3068 1045 3167 modo,
1086 3068 1158 3155 vel
1188 3068 1404 3159 loliorum
1430 3072 1523 3186 pilo
1555 3074 1821 3178 laevisslmo,

222 3242 357 3328 quem
386 3210 552 3329 quippe
579 3213 662 3299 sub
686 3212 805 3303 bona
830 3214 947 3298 lente
975 3240 1181 3325 asperum
1206 3240 1285 3297 seu
1310 3212 1573 3300 aemulatum
1595 3246 1723 3331 saepe
1755 3212 1831 3336 iria,
1841 3264 1845 3273 ·

220 3354 386 3456 venies,
418 3352 498 3439 sed
515 3358 725 3467 parvitate
747 3359 881 3441 totius
900 3352 1073 3468 plantae
1094 3356 1242 3469 potius
1263 3380 1307 3441 et
1326 3360 1584 3470 praesertim
1607 3358 1822 3444 foliorum

222 3490 362 3605 ligura
377 3493 535 3587 aliena.
567 3494 1081 3609 SpeciminaBrideliana
1100 3496 1361 3586 luteo-fusca
1377 3500 1616 3617 paulloque
1638 3502 1821 3594 elatiora

224 3654 353 3747 alque
371 3634 618 3723 robustiora
630 3664 751 3724 sunt:
775 3670 887 3757 quae
903 3638 1085 3751 Biponti
1100 3671 1206 3727 vero
1221 3641 1333 3727 lecta
1349 3665 1468 3743 sunl,
1489 3643 1561 3728 vix
1576 3643 1709 3731 ,Barb
1729 3675 1824 3729 mu·

224 3771 362 3858 nalem
376 3779 678 3900 magnitudine
691 3804 913 3895 superant,
927 3765 1352 3910 etlolionumcolore
1365 3786 1606 3872 virescente
1617 3785 1821 3897 gaudent.

916 3967 1108 3985 ffl-

586 4107 776 4198 Speoies
809 4110 927 4179 mihi
961 4112 1156 4201 ignotae
1182 4108 1262 4183 vel
1293 4109 1478 4181 dubiae.

277 4283 439 4400 Tortuln
463 4290 606 4382 pellens
632 4294 821 4369 Bridel.
848 4299 964 4395 Spec'
982 4304 1099 4377 Mure.
1124 4345 1175 4365 -·
1203 4306 1332 4381 Genus
1354 4310 1551 4383 incertum.

359 4458 387 4498 ,‚
464 4412 702 4487 Sauseuriena
727 4418 791 4489 Br.
817 4422 907 4508 ibid.

353 4580 380 4619 „
456 4530 644 4609 lusitanice
670 4540 736 4646 Br.
761 4541 850 4613 ibid.
1377 4617 1387 4636 ,

354 4701 382 4742 ‚,
460 4669 565 4726 acuta
596 4657 662 4730 Br.
697 4665 794 4739 ibid:
819 4703 871 4723 -
896 4667 1004 4758 Quae
1036 4668 1108 4738 hoe
1133 4668 1283 4739 nornine
1320 4670 1409 4741 olim
1440 4674 1727 4749 communicavit
1767 4678 1819 4753 ill.

526 4778 600 4895 Vir
615 4785 813 4875 specimina
832 4790 989 4882 sterilia,
1017 4787 1310 4883 explorationem
1323 4814 1398 4863 non
1418 4794 1649 4873 concedunt:
1675 4796 1821 4871 habitus

530 4900 732 4975 Dicranum
755 4911 895 5002 prodit.
1029 4954 1037 4970 ·

311 5020 318 5032 '
354 5071 383 5113 „
458 5028 578 5099 tenuia
597 5012 843 5124 sprengelss-
854 5006 1040 5108 densante
1058 5011 1276 5110 bridelio
1288 5059 1364 5109 non
1379 5037 1504 5112 differt
1517 5064 1537 5113 a
1549 5040 1661 5120 Barb.
1677 5044 1823 5115 murali.
