4692 6142
1678 625 1783 681 mre

181 847 239 918 lus
264 828 347 916 sire
371 839 490 914 totum
511 839 658 912 subiens
678 837 881 931 negotium,
908 836 950 908 id
967 847 1184 934 assequutus
1202 845 1272 930 est,
1299 845 1342 910 ut
1358 837 1433 910 iam
1449 855 1545 934 puer
1563 835 1785 913 innotitiam

88 1019 93 1026 ·
184 981 472 1050 clarissimorum
494 974 612 1046 nostri
637 973 815 1066 temporis
842 983 997 1044 naturae
1021 981 1270 1043 scrutatorum
1294 969 1448 1046 ueniret.

286 1111 381 1182 Cum
404 1080 574 1196 litteris,
606 1129 700 1198 quae
727 1103 855 1176 studiis
898 1104 1117 1178 academicis
1151 1104 1374 1177 antecedere
1401 1103 1554 1196 solem,
1593 1107 1632 1178 in
1656 1106 1784 1179 ecbola

185 1245 299 1316 latina
341 1241 537 1314 Hauoviae
571 1239 659 1310 satis
695 1239 941 1329 incubuisset,
997 1240 1037 1310 in
1070 1239 1348 1314 uniuersitatem
1377 1238 1591 1310 litterarum
1616 1237 1780 1312 Heidel-

185 1379 399 1471 bergonaem
435 1353 625 1445 discedere
667 1396 792 1442 secum
828 1372 1039 1461 coustituit,
1093 1394 1138 1443 eo
1179 1372 1330 1466 quidem
1364 1373 1540 1462 oonsilio,
1587 1383 1631 1443 ut
1667 1362 1785 1445 tutam

124 1592 129 1603 ι
187 1511 296 1578 vitain
324 1521 477 1578 naturae
502 1507 678 1576 historiae
704 1505 892 1575 dedicaret
945 1525 1146 1599 omnesque
1190 1503 1376 1575 molestias
1412 1515 1623 1576 constanter
1652 1503 1786 1596 ferret,

184 1664 297 1732 quae,
335 1663 418 1710 cum
455 1637 652 1708 sufficienti
677 1659 719 1706 re
745 1635 918 1706 familiari
962 1646 1130 1728 cureret,
1177 1635 1287 1706 huius
1332 1638 1374 1709 in
1415 1637 1628 1732 discipliuae
1664 1639 1788 1710 studio

183 1773 292 1844 vitari
321 1793 416 1864 ‘non
437 1793 545 1862 posse
577 1767 805 1842 videbamur.
862 1767 1091 1861 Argumento
1125 1779 1212 1840 sunt
1244 1769 1409 1860 butenae,
1453 1795 1546 1866 quaa
1581 1772 1652 1841 hoo
1695 1783 1789 1843 tem·

66 1999 77 2010 ¹
181 1929 271 1999 porc
299 1907 344 1974 ad
370 1903 550 1995 Bojem,
586 1901 805 1972 familiarem
831 1923 952 1991 suum,
983 1904 1101 1972 misit:
1151 1902 1287 1991 »Quod
1318 1899 1527 1974 hilaratum
1550 1927 1665 1996 genus
1696 1904 1786 1974 deli·

164 2004 277 2131 giam,
306 2039 441 2110 nescio.
500 2035 574 2107 Sed
598 2035 669 2106 hoc
702 2047 803 2106 certo
835 2036 933 2126 scio,
987 2037 1066 2108 sine
1094 2035 1273 2107 historiae
1311 2036 1488 2108 nataralia
1511 2037 1635 2108 madio
1670 2038 1785 2109 vitam

184 2173 275 2242 mihi
301 2171 436 2242 nullum
465 2193 554 2241 esse.
606 2169 734 2261 Quare
759 2179 838 2240 toto
864 2168 1061 2238 exanimo
1086 2179 1199 2262 opto,
1240 2179 1282 2239 ut
1304 2193 1461 2260 munus,
1500 2170 1599 2265 quod
1624 2169 1788 2265 aliquau-

181 2306 231 2375 do
266 2281 432 2398 gesturus
456 2305 546 2392 sim,
574 2303 779 2374 subsecivas
804 2299 942 2395 aliquas
967 2302 1077 2374 buras
1103 2301 1306 2396 relinquat,
1335 2304 1467 2397 quibus
1491 2316 1645 2375 naturae
1674 2305 1788 2375 inde-

181 2439 406 2530 gatiouibus,
434 2459 522 2531 prae
549 2437 683 2508 ceteris
708 2436 801 2507 mihi
825 2437 960 2528 gratia,
996 2457 1057 2506 me
1083 2435 1220 2505 dedere
1245 2437 1394 2529 possim.
1446 2436 1502 2506 Ut
1523 2438 1606 2505 iura
1630 2440 1785 2521 diacum,

184 2573 283 2664 quod
320 2572 412 2642 mihi
449 2571 728 2661 commendant,
795 2593 869 2640 non
900 2581 1006 2638 natus
1041 2589 1121 2634 esse
1165 2567 1307 2670 videor.
1390 2567 1628 2660 Quapropter
1686 2567 1789 2637 iaetu

184 2705 362 2798 optimum
390 2704 474 2773 iore
500 2727 610 2791 reor,
653 2713 695 2771 ut
720 2703 898 2774 medicam
935 2719 1056 2788 artem
1092 2692 1288 2786 aggrediar
1332 2695 1550 2768 discendam.
1623 2698 1696 2768 Sed
1731 2700 1786 2768 ln-

185 2839 320 2906 beuter
345 2835 456 2903 etiem
487 2833 534 2902 ab
558 2831 628 2900 hec
653 2833 904 2920 discederem,
950 2851 1034 2898 oum
1060 2827 1152 2898 mihi
1178 2849 1226 2897 ex
1257 2828 1458 2922 impreviso
1475 2830 1628 2921 liceret,
1667 2840 1789 2904 totum

186 2968 232 3036 ad
265 2965 455 3035 historiam
477 2974 630 3035 naturae
668 2961 956 3056 cognoscendam
981 2982 1042 3032 me
1067 2957 1251 3030 conferre.
1302 2961 1415 3050 Quod
1440 2983 1524 3032 cum
1549 2962 1601 3032 ita
1624 2985 1698 3034 non
1724 2965 1789 3052 ait,

188 3103 232 3170 ad
258 3111 426 3193 tempora
451 3123 511 3170 me
542 3097 826 3169 accommodabo
858 3095 1135 3186 medicinaeque
1168 3093 1353 3164 studiosus
1376 3093 1471 3165 fiam.
1533 3095 1629 3166 Nam
1653 3097 1816 3170 mediet,

185 3233 321 3326 ubique
351 3244 536 3300 terrarum
573 3229 852 3318 desiderantur,
899 3239 937 3297 et
960 3227 1091 3298 stusdiis
1125 3226 1218 3296 meis
1242 3224 1440 3316 confectis,
1484 3197 1595 3322 quani
1628 3230 1790 3302 maxim

184 3389 229 3436 eo
255 3363 404 3434 tendam
411 3415 424 3452 ,
469 3373 596 3432 utres
632 3361 817 3432 naturales
843 3359 1052 3430 inveniendi
1077 3336 1187 3428 causa
1218 3358 1293 3429 iter
1330 3357 1462 3430 faciam
1488 3360 1528 3428 in
1560 3359 1786 3454 Americam,

182 3512 247 3569 ‘aut
282 3521 498 3592 quocunque
522 3495 840 3567 fortuna-ducah«

253 3631 343 3704 ‚Sic
370 3627 530 3740 Knhlius
557 3652 655 3700 novo
680 3627 752 3698 hoc
776 3651 842 3698 suo
869 3626 1039 3720 exemplo
1065 3626 1258 3719 probavit,
1302 3648 1411 3718 quam
1439 3647 1529 3698 vere
1566 3626 1707 3696 dictum
1739 3629 1788 3697 sit

185 3761 503 3832 Goetheanum
536 3761 644 3832 illud:

520 3887 601 3950 Was
623 3909 696 3950 men
716 3893 751 3950 in
772 3889 833 3950 der
851 3888 980 3969 ιΙιιςεηιί
996 3892 1161 3968 culinarii,

516 4009 584 4070 Hot
606 4029 680 4070 enon
700 4011 744 4068 im
763 4007 856 4070 Alter
873 4007 926 4068 die
946 4006 1049 4069 Fiille.

281 4167 442 4238 Kuhlius
475 4168 589 4259 igitur
623 4185 749 4235 mense
786 4161 995 4256 Septembri
1033 4158 1311 4230 MDcccxvt
1344 4159 1417 4228 iam
1450 4161 1491 4229 in
1527 4131 1572 4229 eo
1608 4158 1697 4248 fuit,
1739 4172 1782 4231 ut

184 4297 470 4393 Heidelbergam
504 4299 820 4394 proficisceretur,
865 4315 939 4388 quo
976 4303 1144 4386 tempore
1181 4290 1470 4362 'I'heodorue
1505 4311 1592 4364 vuar
1635 4293 1785 4363 Swin-

188 4431 347 4517 deren,
384 4433 581 4505 Professor
606 4431 899 4524 Groningensis,
928 4447 1012 4496 eum
1041 4427 1212 4516 coguovit
1237 4436 1275 4494 et
1299 4447 1477 4518 prospere
1511 4421 1653 4513 effecit,
1681 4436 1724 4492 ut
1745 4447 1787 4492 se

184 4561 413 4654 Groningam
440 4578 668 4660 sequeretur.
735 4563 842 4634 Licet
867 4562 964 4666 enim
992 4559 1138 4651 ingenio
1163 4581 1233 4628 auo
1257 4569 1295 4629 et
1319 4558 1556 4644 assiduitate,
1593 4556 1654 4628 vel
1679 4555 1786 4624 illum

184 4720 260 4767 non
288 4711 487 4790 sequutus,
524 4704 581 4770 vir
607 4723 757 4793 magnus
783 4695 929 4767 tuturus
957 4693 1112 4780 fuisset,
1154 4704 1258 4764 certo
1290 4706 1414 4761 tamen
1452 4688 1610 4780 longiori
1647 4689 1705 4759 via
1741 4689 1786 4754 ad

182 4829 290 4902 finem
326 4844 363 4902 et
397 4833 658 4925 postmultum
699 4849 842 4926 tempus
887 4828 1129 4924 pervenisset
1196 4825 1343 4915 Quibus
1367 4825 1466 4894 enim
1497 4843 1581 4890 oum
1621 4819 1787 4889 difficul-

184 4966 320 5033 tatibus
353 4967 388 5034 ei
415 4965 662 5034 dimicandum
696 4963 845 5036 luisset!
881 4972 973 5057 quot
1009 4957 1210 5049 fontibus,
1251 4981 1343 5053 quoa
1380 4955 1584 5026 Hellandia
1617 4956 1788 5046 aperuit,

186 5097 378 5166 corruisset!
430 5098 494 5166 sed
529 5108 617 5177 tunc
656 5119 806 5188 prorsus
841 5097 913 5166 alio
949 5095 1017 5166 sub
1056 5093 1184 5184 coelo,
1235 5093 1323 5163 alies
1359 5090 1499 5184 plantas
1538 5100 1576 5159 et
1608 5088 1778 5160 animalia
