4692 6142
595 632 605 647 ‘
723 626 896 728 pagium
917 636 1142 733 plantarum
1163 636 1451 738 lucanicarum.
1626 577 1643 620 l
1801 654 1871 731 tat

276 822 567 917 inferioribus
599 829 871 945 summisque
900 829 1234 942 conformibus,
1266 863 1413 959 neque
1439 837 1531 927 illis
1557 825 1771 960 appressis
1796 850 1882 933 mi·

274 962 489 1076 notibus,
524 968 591 1054 his
621 964 759 1082 duplo
786 969 1051 1079 maioribus,
1084 980 1325 1096 praecipue
1355 1002 1502 1071 tamen
1530 982 1762 1075 deficiente
1788 1018 1884 1077 mu·

274 1113 487 1218 cronula,
529 1140 648 1230 quae
689 1097 1025 1202 distinctissime
1050 1122 1192 1208 estin
1223 1147 1400 1232 nostra,
1429 1154 1565 1214 nervo
1598 1157 1700 1216 cum
1730 1130 1882 1249 aliqua

278 1256 633 1373 parenchymatis
653 1278 778 1374 parte
797 1256 1066 1375 prodeunte,
1099 1286 1255 1350 contra
1269 1264 1321 1351 'in
1340 1264 1628 1357 Hoolteriano
1654 1270 1735 1357 illo
1760 1302 1883 1357 mus·

274 1426 330 1483 co
368 1426 471 1484 eum
512 1400 608 1515 ipso
649 1399 774 1513 apice
818 1400 1096 1485 acutiuscnlo
1144 1399 1399 1515 desinente,
1440 1452 1504 1484 ·.·-
1545 1439 1682 1526 porro
1731 1410 1881 1500 fructu

275 1540 598 1661 exapopltysato
640 1540 869 1658 duploqtte
896 1542 1066 1630 maiore
1080 1603 1096 1647 ,
1129 1546 1344 1656 operculo
1374 1575 1480 1634 vero
1505 1546 1728 1638 breviore.

394 1685 460 1773 18.
523 1682 1034 1805 Octohlepharum
1099 1680 1355 1841 albidum
1411 1684 1570 1780 Hedtr·
1622 1687 1750 1781 Brid.
1806 1691 1879 1811 Sp.
1934 1692 1938 1703 ’

154 1854 156 1859 ’
270 1830 412 1921 Musa.
442 1834 476 1920 Ι.
502 1864 546 1948 p.
574 1833 646 1923 85.

383 1974 610 2065 Observ.
668 1972 797 2067 Folia
838 1980 968 2091 etin
999 1976 1082 2064 hoc
1114 1998 1160 2065 et
1189 1978 1236 2065 in
1262 1976 1603 2069 lamaicensibns
1622 1987 1877 2100 specimini-

273 2115 375 2227 l'tns,
408 2149 521 2241 quae
547 2150 697 2208 coram
727 2120 938 2209 habemus
953 2182 972 2223 ,
996 2118 1181 2208 linearia
1203 2142 1329 2227 sunt,
1361 2151 1414 2208 ex
1443 2122 1568 2239 apice
1596 2123 1753 2212 obtuso
1779 2156 1875 2213 mu·

268 2284 470 2370 arenata,
502 2288 648 2381 neque
679 2262 775 2350 basi
802 2264 1011 2368 dilatata,
1041 2260 1120 2349 sed
1151 2292 1344 2352 concava
1374 2285 1558 2353 tantum.
1589 2265 1875 2357 Pedunculns

265 2432 402 2523 saepe
428 2402 547 2491 loliis
577 2404 882 2521 superioribus
912 2405 1108 2495 brevior.
1142 2406 1334 2522 Capsula
1354 2407 1564 2496 iuvenilis
1597 2410 1874 2524 oblonga.-

273 2544 431 2637 Caulis
457 2548 505 2633 in
535 2546 685 2634 multis
703 2546 909 2667 simplex,
940 2548 1293 2655 bi·trilinearis‚
1321 2570 1505 2669 tumque
1534 2550 1643 2639 lolia
1664 2554 1874 2661 rosulata,

264 2690 584 2811 patentissima.
748 2750 752 2763 -

393 2862 460 2948 19.
520 2830 869 2921 Dicranum
920 2822 1165 2924 Blumii
1191 2828 1246 2927 Ν.
1278 2832 1614 2926 anm-Tan
1654 2834 1755 2927 XV⁴
1801 2834 1877 2956 fig.

271 2998 309 3060 t.
340 3002 389 3075 a,
418 2972 474 3082 b,
507 3004 547 3060 c.

385 3116 443 3204 D.
473 3120 598 3227 caule
641 3117 844 3231 elongato
881 3114 1165 3224 subramoso,
1202 3114 1325 3205 loliis
1355 3116 1465 3206 laxis
1493 3115 1697 3242 undique
1726 3147 1878 3240 paren·

264 3260 441 3351 tissimis
472 3261 727 3350 lanceolatis
757 3262 1010 3377 longissime
1050 3264 1284 3352 attenuatis
1325 3263 1451 3378 apice
1492 3256 1740 3353 convolutis
1779 3296 1879 3355 ner·
1949 3236 1962 3263 ⁹

273 3404 419 3513 rosis,
454 3404 631 3524 capsula
661 3430 807 3493 erecta
850 3404 1041 3517 oblonga
1069 3404 1395 3523 subinaequali.

382 3544 571 3635 Descr.
603 3544 757 3632 Planta
786 3545 1106 3664 speciosissima
1126 3545 1244 3632 inter
1274 3573 1558 3658 congeneres,
1591 3542 1718 3633 elata.
1749 3544 1873 3633 Cau-

264 3684 330 3775 les
376 3716 402 3774 a
446 3685 561 3803 pede
603 3685 793 3774 dimidio
830 3686 887 3773 ad
930 3688 1090 3799 integri
1138 3687 1267 3803 pedis
1322 3685 1648 3803 longitudinem
1689 3690 1875 3795 extensi,

271 3830 499 3948 caespitosi
513 3894 528 3939 ,
561 3834 698 3921 erecti
722 3830 794 3935 vel
819 3829 1159 3938 adscendentes,
1191 3831 1747 3949 primumsubsimplices,
1780 3856 1875 3918 tum

270 3970 631 4060 innovationibus
680 3973 853 4092 aliquot
898 3974 1205 4061 terminalibus
1262 3975 1490 4089 fastigiatis
1545 3977 1791 4062 continuati
1831 3998 1877 4061 et·

269 4110 624 4223 subdiehotomi,
673 4139 874 4232 respectu
904 4116 1194 4231 longitudinis
1228 4141 1406 4225 tennes,
1444 4116 1556 4205 nudi
1581 4148 1663 4204 nec
1695 4117 1873 4204 radicu-

265 4252 379 4362 lost,
408 4258 634 4373 angulosi,
679 4288 907 4377 purpureo
928 4258 1101 4365 ·lusci‚
1155 4257 1330 4346 inferne
1372 4258 1494 4346 loliis
1538 4259 1751 4347 emortuis
1790 4261 1879 4375 spi·

267 4400 430 4487 nulosi.
496 4402 623 4491 Folia
664 4406 842 4519 copiosa
874 4402 1083 4522 quidem,
1125 4400 1205 4486 sed
1236 4411 1406 4490 remota
1436 4398 1575 4507 adeo,
1612 4424 1663 4488 ut
1691 4422 1875 4487 truncus

270 4543 388 4631 inter
414 4572 467 4633 ea
494 4543 661 4664 ubique
691 4570 921 4664 appareat,
958 4568 1062 4631 octo
1094 4543 1232 4630 lineas
1259 4543 1415 4659 longa,
1443 4542 1762 4663 quadrifariam
1789 4542 1876 4647 dis·

266 4687 438 4802 posita,
490 4685 1001 4794 lanceolato-suhnlata,
1040 4684 1137 4773 basi
1179 4686 1352 4772 caulem
1394 4683 1725 4803 amplectentia,
1768 4682 1874 4770 dein

266 4855 352 4942 per
381 4848 519 4913 totam
543 4854 669 4913 suam
699 4828 1022 4941 longitudinem
1053 4828 1099 4915 in
1127 4826 1382 4943 cylindrum
1412 4849 1663 4919 contracta,
1688 4823 1875 4911 humido

267 4986 383 5053 statu
412 4967 587 5073 stricta,
618 4967 734 5053 sicca
765 4996 870 5055 vero
902 4968 1074 5082 apicem
1098 4996 1248 5054 versus
1281 4990 1481 5055 contorta
1508 4988 1554 5052 et
1576 4962 1870 5066 subflexuosa,

215 5144 218 5149 ¹
270 5130 393 5199 racto
425 5110 586 5226 angulo
616 5110 836 5231 patentia,
859 5134 903 5238 'a
933 5108 1029 5200 basi
1061 5108 1372 5227 integerrima,
1412 5130 1609 5202 extremo
1642 5107 1765 5225 apice
1796 5132 1872 5193 au·
