4692 6142
1643 643 1788 701 xxxtx

278 862 314 934 O
341 861 465 936 mors!
501 883 595 957 quaa
620 859 723 930 cuins
748 843 860 956 pretii
884 839 960 928 sint
983 857 1152 930 homines
1179 871 1218 932 et
1241 882 1331 934 rere
1357 861 1478 954 arguis
1505 873 1545 934 et
1558 867 1787 939 sanctissimo

173 991 335 1084 indiass3
375 1013 469 1086 quae
495 987 665 1059 fictitium
692 999 840 1074 omnem
866 995 1038 1056 ornatum
1066 1005 1199 1084 severa
1216 1009 1328 1056 mauu
1349 987 1532 1081 detrahis3
1558 991 1662 1062 cuius
1678 990 1786 1064 fusca

175 1115 265 1188 licet
297 1125 335 1187 et
369 1117 524 1187 obscura
557 1111 643 1203 lux,
692 1111 794 1182 omni
820 1113 966 1182 {tamen
986 1109 1058 1180 alia
1091 1110 1174 1180 luce
1201 1112 1341 1182 certior
1375 1123 1452 1201 est,
1493 1113 1627 1187 ideone
1677 1113 1785 1205 fune-

174 1243 284 1314 brem
310 1241 417 1312 is'tam
443 1237 563 1310 facem
590 1233 856 1308 Casseliurn
888 1237 988 1305 inter
1021 1244 1059 1304 et
1090 1231 1330 1306 Academiam
1364 1235 1584 1328 accendisti,
1623 1248 1666 1308 ut
1690 1262 1783 1333 per-

177 1369 309 1462 spectis
328 1365 489 1461 apertius
507 1364 811 1460 praestantissimi
836 1361 909 1435 viri
928 1360 1069 1431 meritis
1080 1411 1092 1448 ,
1118 1369 1221 1430 tanto
1243 1360 1409 1432 acerbius
1431 1361 1661 1434 excitaretur
1676 1363 1783 1435 nobis

176 1492 289 1586 ipsius
316 1484 570 1562 desiderium?
604 1487 826 1558 Descendite
851 1486 890 1556 in
916 1487 1056 1559 animos
1082 1486 1152 1579 ipsi
1179 1496 1342 1578 vestros,
1383 1484 1603 1567 Auditorssl
1641 1500 1680 1561 et
1704 1492 1781 1562 im.

174 1637 301 1710 pressa
326 1613 471 1706 penitus
496 1611 718 1682 lineamenta
746 1607 916 1679 dolorum
945 1609 1122 1700 relegite:
1159 1631 1284 1682 nonne
1310 1611 1426 1682 animi
1449 1611 1670 1706 candorem,
1698 1638 1783 1686 eon-

175 1739 250 1811 silii
275 1741 371 1830 vim,
401 1762 557 1810 acumen
582 1736 740 1830 ingenii,
772 1757 955 1805 summam
981 1733 1139 1826 denique
1166 1734 1204 1804 in
1230 1736 1434 1830 pandendis
1459 1749 1615 1810 naturae
1640 1741 1783 1812 arcanis

174 1866 387 1956 solertiam,
428 1861 539 1960 (quas
572 1885 697 1934 omnes
724 1863 827 1933 dotes
852 1861 888 1932 in
918 1857 1149 1958 'Casselio
1173 1869 1324 1954 nostro,
1359 1863 1438 1936 sire
1471 1862 1511 1934 in
1535 1863 1681 1958 privato
1706 1866 1783 1937 ho-

176 1991 320 2060 minum
360 1986 608 2076 commercio,
653 1985 732 2057 sire
765 1985 805 2053 in
838 1995 987 2071 senatu,
1032 1983 1175 2054 sivein
1211 1985 1390 2058 cathedra
1421 1991 1599 2081 versanti,
1637 1963 1780 2066 vidistis

176 2107 473 2208 splendescere,)
499 2107 627 2184 divelli
652 2108 805 2182 a'uobis
831 2117 940 2202 atque
966 2108 1063 2202 eripi
1087 2095 1354 2203 ingemiscitis?
1722 2119 1726 2126 '

275 2297 383 2388 Quod
411 2298 443 2368 si
468 2296 630 2367 humano
655 2293 784 2389 generi
808 2305 1021 2364 concessum
1046 2315 1123 2364 non
1148 2295 1216 2387 sit,
1243 2308 1285 2368 ut
1306 2297 1450 2369 meritis
1470 2319 1540 2393 par
1558 2298 1634 2372 rita
1654 2299 1776 2392 detur,

174 2423 267 2494 illud
304 2435 440 2496 tamen·
466 2423 598 2494 solatio
633 2433 709 2514 est,
745 2420 777 2492 si
812 2441 1045 2492 communem
1076 2422 1275 2492 terminum
1310 2415 1472 2514 attigisse
1503 2434 1612 2517 atque
1637 2425 1689 2494 ita
1713 2449 1780 2494 na·

173 2561 296 2620 turam
331 2550 449 2644 ipsam
494 2549 661 2620 satietate
701 2544 852 2622 vivendi
889 2541 1161 2639 quodammodo
1201 2541 1405 2634 explevisse
1446 2543 1603 2614 licuerit
1632 2581 1678 2598 -
1704 2546 1780 2618 Sed

86 2695 90 2700 ·
174 2674 396 2746 occumbere
428 2674 680 2750 doctissimum
718 2673 841 2746 virum
876 2671 915 2739 in
946 2665 1069 2738 medio
1111 2663 1239 2735 aetatis
1274 2664 1432 2758 vigore,
1477 2667 1641 2762 extingui
1672 2650 1790 2764 spem!

67 2769 75 2784 ⁶
175 2795 365 2866 fructuum
394 2794 695 2883 uberrimarum,
739 2793 803 2885 qui
837 2813 885 2861 ex
913 2787 1123 2884 praeteritis
1155 2790 1499 2884 praesagiebantur,
1540 2794 1777 2890 scientiisque

174 2917 420 3014 irreparabile
451 2917 626 2987 damnum
658 2913 838 3009 relinqui3
865 2947 915 2969 -·
940 2910 979 2981 id
1004 2912 1187 3012 acerrimo
1212 2911 1354 2986 doloris
1378 2937 1490 2988 seusu
1506 2927 1670 2992 mentem
1690 2941 1776 3016 per-

171 3044 325 3140 fringit,
352 3044 392 3114 id
415 3041 539 3139 plorat
563 3040 762 3114 Academia
787 3041 827 3111 in
852 3035 985 3110 funere
1012 3036 1226 3110 Casselii

144 3244 154 3254 '¹
270 3225 426 3297 Utinam
451 3223 591 3297 fractae
616 3222 762 3294 sanitati
786 3221 900 3317 magis
927 3223 1140 3317 consulens,
1168 3248 1218 3298 cx
1241 3228 1447 3303 amicornm
1468 3228 1772 3327 medicorumque

171 3351 401 3424 suasionibus
427 3349 577 3421 dilectas
592 3349 748 3420 nimium
763 3347 1019 3442 occupationes
1032 3350 1249 3443 tempestive
1264 3352 1537 3424 intermisisset!
1555 3391 1601 3409 -
1626 3351 1773 3427 Verum

170 3479 364 3574 impetrari
402 3476 551 3572 nequit,
588 3487 639 3547 ut
668 3475 873 3569 bombyx
905 3494 1020 3545 nere
1055 3473 1272 3553 desistats
1309 3478 1473 3573 pretiosa
1504 3477 1568 3549 file
1596 3480 1772 3552 continno

170 3604 311 3678 evolvit
345 3626 365 3673 e
405 3601 605 3676 visceribus
641 3601 737 3692 suis,
771 3621 839 3671 nec
873 3597 976 3693 prius
1002 3610 1140 3692 cessat,
1181 3623 1292 3695 quam
1316 3601 1358 3673 in
1381 3627 1449 3674 suo
1474 3624 1556 3675 sese
1579 3602 1773 3678 incluserit

168 3729 312 3802 tumulo
330 3725 378 3824 *).

269 3909 346 3981 Sed
377 3931 452 3980 non
484 3917 591 3982 vacat
621 3911 810 4004 cogitare,
847 3917 1023 4004 quantum
1058 3931 1128 3983 nos
1153 3912 1404 4005 amiserimus,
1438 3913 1526 3986 dum
1551 3883 1766 4013 rugiemus,

168 4047 346 4135 qnantum
370 4034 433 4106 ille
459 4045 677 4108 consecutus
702 4035 750 4108 sit
761 4087 774 4129 ‚
809 4033 1080 4109 immortalitati
1105 4037 1181 4109 iam
1206 4037 1422 4134 adscriptus.

271 4216 409 4294 Salve
440 4239 555 4310 vero,
596 4243 619 4290 ο
655 4214 791 4289 nobilis
827 4213 977 4290 Anima!
1018 4241 1112 4314 quse
1147 4217 1272 4290 solnta
1294 4232 1401 4316 parte
1425 4222 1672 4299 imbecilliore
1695 4231 1765 4324 tui,
1830 4278 1832 4282 v

169 4341 215 4410 de
255 4351 372 4411 morte
404 4343 484 4438 ipsa
516 4365 615 4414 nunc
639 4340 867 4438 triumphas,
912 4365 1022 4438 quam
1046 4343 1180 4438 insigni
1204 4345 1327 4421 vultus
1352 4350 1580 4443 corruatis,
1627 4354 1767 4432 invicto

168 4461 302 4533 mantis
336 4463 496 4556 robore,
535 4465 602 4536 diu
639 4466 852 4542 venientem
881 4463 1032 4537 fortiter
1055 4464 1198 4560 vidisti,
1237 4471 1389 4542 tandem
1414 4471 1526 4546 etiam
1551 4479 1764 4551 sustinuisti.

167 4585 292 4657 Det-ur
316 4585 354 4655 id
379 4584 624 4684 philosophis,
663 4600 706 4661 ut
730 4601 888 4664 mortem
915 4602 1092 4686 spernant
1115 4603 1227 4689 atque
1252 4605 1508 4693 contemnant3
1546 4600 1629 4693 Tu,
1665 4607 1766 4699 quod

167 4712 238 4785 soli
264 4711 452 4808 religionis
477 4714 611 4787 cultori
636 4715 762 4789 datum
788 4728 864 4810 est,
898 4738 1003 4812 spem
1028 4717 1127 4788 ultra
1150 4719 1335 4794 tumulum
1360 4724 1574 4819 extendisti,
1603 4741 1764 4802 mortem

168 4850 343 4934 tanquam
369 4837 525 4933 gratim
549 4840 598 4910 ad
622 4841 877 4916 aeternitatem
903 4843 1135 4916 exosculatus
1162 4868 1213 4915 es.

203 5153 236 5226 ⁸)
257 5152 325 5214 Vid·
345 5153 520 5216 Cascelli
539 5152 619 5211 Orat.
639 5151 674 5208 de
695 5151 781 5212 utilit.
800 5155 879 5210 stud·
899 5154 999 5218 histor.
1020 5157 1137 5213 scientt.
1156 5157 1270 5230 physis.
1289 5174 1352 5230 pag.
1372 5157 1440 5223 vlt.
