4692 6142
1669 613 1759 664 nvn

165 835 234 905 bus
261 825 458 918 calcareis,
487 824 551 920 qui
574 822 644 916 ipsi
669 845 716 892 ex
740 820 797 892 bis
822 817 1015 909 fontibus,
1042 816 1199 889 calcaria
1231 829 1344 890 strata
1380 819 1427 892 ad
1455 818 1556 892 bunc
1581 823 1681 894 diem
1707 849 1755 899 ex

161 987 264 1058 aqua.
279 959 397 1033 calida
429 955 701 1052 separantibus,
728 951 917 1048 paullatim
944 951 1017 1022 orti
1041 973 1119 1020 esse
1147 951 1328 1025 videntur.
1503 944 1506 950 ’

232 1143 427 1236 Vegetatio
439 1139 507 1210 bos
517 1159 633 1231 prope
645 1135 766 1209 fontes
780 1158 930 1246 prorsus
945 1135 1095 1207 diversa·
1113 1134 1264 1210 inventa
1275 1145 1345 1225 est,
1360 1147 1422 1225 et,
1442 1129 1527 1208 dum
1541 1139 1755 1212 verosimile
1878 1235 1881 1240 Ι
1966 1173 1997 1188 ·

169 1291 277 1369 esset,
302 1273 438 1346 nemini
450 1281 555 1341 antea
574 1293 654 1340 eam
671 1271 784 1343 risam
803 1291 898 1358 esse,
925 1266 1088 1343 novitate
1105 1281 1231 1338 rerum
1252 1268 1342 1338 haec
1358 1291 1422 1370 eos
1440 1269 1567 1340 allexit
1586 1271 1758 1344 maxime.

261 1457 333 1526 Die
363 1453 402 1524 X
427 1452 581 1545 Augusti
605 1452 748 1524 reversi
772 1461 858 1520 sunt
882 1474 903 1518 a
928 1449 1183 1544 Pangerango
1210 1461 1358 1539 monte,
1396 1455 1493 1523 8580
1519 1453 1655 1547 pedum
1680 1455 1760 1525 alti-

161 1589 306 1679 tudine,
335 1611 357 1656 a
382 1585 642 1676 Buitenzorgio
668 1582 875 1673 metiendo,
920 1605 1053 1677 quem,
1092 1585 1139 1654 ab
1172 1583 1290 1652 altera
1323 1596 1430 1680 parte
1463 1587 1549 1679 iugo
1586 1589 1762 1659 continuo

164 1743 247 1792 cum
266 1719 369 1790 chd
396 1728 522 1790 monte
550 1718 836 1806 cohaerentem,
864 1738 997 1808 magno
1023 1738 1107 1785 curn
1131 1713 1258 1786 labore
1285 1715 1537 1818 ascenderant.
1582 1719 1647 1790 Isti
1670 1743 1759 1794 vero
1803 1798 1809 1802 ,

160 1854 276 1927 nihilo
301 1853 436 1946 magis,
465 1876 573 1945 quam
597 1849 713 1920 Salat
737 1861 887 1941 vertex,
915 1849 1096 1918 orientem
1123 1870 1250 1921 versus
1277 1850 1388 1938 situs,
1417 1863 1558 1922 montes
1578 1854 1757 1945 ignivomi

159 1983 320 2056 fuerurit.
370 1985 415 2054 In
446 1985 514 2053 bac
545 1988 617 2055 iam
649 1983 735 2054 satis
769 2005 896 2074 magna
928 1981 1119 2058 altitudine
1153 1993 1192 2052 et
1222 1982 1279 2052 his
1308 1985 1347 2052 in
1377 1980 1520 2075 frigidis
1548 1986 1761 2078 regionibus

162 2119 386 2192 invenerunt
415 2116 529 2186 multa
559 2114 710 2184 latibula
736 2115 1029 2210 rhinocerotum,
1065 2115 1225 2209 viisque,
1262 2139 1351 2208 quas
1382 2119 1477 2206 haec
1498 2119 1669 2190 animalia
1693 2120 1756 2191 fe·
1858 2205 1861 2209 γ

158 2262 308 2342 oerant,
336 2249 437 2320 utin
465 2248 619 2322 vertices
644 2248 863 2339 eraderent,
890 2235 1082 2330 commode
1108 2247 1315 2317 utebantur.

133 2520 137 2522 -
264 2431 411 2500 Rerum·
437 2441 589 2500 naturae
623 2427 727 2522 copia
765 2429 821 2500 his
855 2430 895 2499 in
920 2427 1174 2522 superioribus
1201 2428 1291 2497 locis
1315 2438 1418 2498 tanta
1443 2440 1521 2519 est,
1550 2441 1613 2519 ut,
1640 2455 1762 2525 quan-

163 2575 385 2656 tumcunque
413 2585 543 2632 eornm
576 2563 738 2632 studium
765 2572 801 2629 et
832 2560 1018 2632 contentio
1045 2559 1184 2631 virium
1213 2570 1356 2648 essent,
1390 2570 1513 2630 tumen
1539 2583 1615 2631 non
1638 2565 1763 2634 couti-

165 2700 281 2792 gerit,
317 2711 357 2764 ut
383 2696 505 2766 omnia
531 2694 862 2786 complecterentur
887 2704 925 2764 et
950 2690 999 2760 ad
1024 2686 1204 2782 liquidum
1228 2688 1487 2781 perducerent.

239 2821 379 2898 Afflicti
389 2826 565 2896 molestiis
576 2824 657 2893 sere
667 2823 973 2916 insuperabilibus
988 2820 1181 2914 multoque
1200 2820 1379 2903 exhausto
1389 2805 1532 2916 labore,
1553 2829 1702 2901 tandem
1714 2830 1764 2902 ad

168 2959 347 3031 verticem
365 2958 499 3028 montis
526 2965 785 3051 pervenerunt.
812 2955 900 3045 Sed,
928 2961 1119 3049 postquam
1145 2956 1290 3048 vesperi
1314 2979 1414 3026 cusas
1440 2981 1521 3028 suas
1544 2963 1763 3055 attigerant,

168 3091 377 3166 vehementi
393 3091 526 3180 imbre,
555 3100 632 3160 tres
648 3089 726 3158 dies
745 3088 915 3180 durante,
943 3087 1108 3182 oppressi
1132 3098 1235 3180 sunt,
1261 3088 1321 3158 cui
1345 3114 1428 3162 curn
1444 3092 1539 3165 nihil
1556 3096 1758 3196 resisteret,

164 3227 299 3295 misere
331 3225 456 3300 vexati
486 3235 571 3296 sunt
596 3223 735 3318 frigore
772 3222 949 3316 insolito,
976 3223 1158 3318 ipsisque,
1197 3222 1272 3296 iam
1306 3223 1491 3298 caloribus
1515 3237 1658 3302 assueto
1683 3253 1767 3303 cor·

163 3379 275 3451 pore,
304 3357 528 3450 gravissimo.

264 3539 365 3612 Inter
404 3541 541 3633 primos
580 3554 703 3611 tamen
743 3513 1024 3633 quatuordecim
1066 3535 1168 3627 dies,
1205 3549 1289 3631 post
1329 3537 1398 3606 ltoc
1432 3537 1506 3608 iter
1537 3540 1761 3637 confectum,

166 3671 327 3744 Kublius
360 3674 498 3766 optima
534 3671 605 3742 luit
640 3671 858 3784 valetudine.
909 3672 1036 3763 Quare
1061 3679 1254 3764 putarunt,
1302 3697 1341 3743 se
1366 3671 1524 3746 feliciter
1548 3675 1639 3746 illud
1664 3680 1763 3770 peri-
1852 3757 1855 3763 ¹

169 3808 289 3877 culum
326 3805 516 3900 effugisse,
562 3817 601 3876 et
627 3829 670 3876 eo
695 3807 809 3898 magis
834 3806 949 3898 gavisi
976 3801 1084 3893 sunt,
1122 3802 1224 3899 quod
1244 3806 1522 3900 opinabantur,
1556 3833 1599 3880 se
1624 3800 1786 3881 adusi:
1888 3824 1892 3835 “

167 3937 262 4010 liora
288 3939 359 4008 iam
387 3939 600 4008 sustinuisse
627 3950 665 4008 et
688 3939 727 4007 in
752 3947 940 4031 posterum
966 3935 1011 4007 ab
1039 3935 1139 4007 omni
1166 3936 1259 4008 coeli
1285 3936 1428 4033 impetu
1452 3937 1536 4010 fore
1561 3952 1669 4011 tutos.

201 4197 209 4206 ,
268 4103 342 4172 Sed
375 4128 463 4174 mox
494 4101 655 4173 Kublius
693 4103 824 4192 morbo
849 4067 1009 4174 'aflectus
1035 4113 1111 4194 est,
1142 4083 1243 4188 nulli
1279 4104 1445 4175 remedio
1471 4107 1646 4198 cedente,
1675 4112 1765 4204 quin

167 4234 275 4302 etiam
299 4234 440 4329 hepatis
465 4237 751 4308 inflammatione
775 4235 1010 4330 usqueadeo
1045 4248 1177 4328 ructo,
1215 4249 1257 4309 ut
1281 4239 1357 4310 vita
1390 4239 1469 4310 eius
1494 4240 1535 4310 in
1558 4241 1765 4335 periculum

167 4378 373 4436 vocaretur.

151 4527 153 4530 ’
237 4531 321 4626 lpse
346 4533 492 4626 quidem
517 4537 638 4606 statim
662 4535 877 4632 perspexit,
898 4536 1004 4608 'hunc
1027 4534 1200 4608 morbum
1224 4536 1338 4611 vitam
1363 4561 1444 4612 esse
1467 4535 1672 4630 finiturum,
1693 4540 1760 4612 sed

166 4665 300 4735 eximia
318 4689 400 4736 cum
427 4668 537 4736 animi
562 4671 762 4742 constantia
787 4679 945 4740 mortem
970 4669 1206 4764 exspectarit.
1236 4665 1386 4741 »Animi
1409 4670 1670 4765 tranquillitas,
1689 4695 1763 4767 qua
1794 4766 1799 4772 .

164 4797 381 4891 excellebat,
404 4813 599 4870 comesset
619 4803 715 4874 bona
731 4801 977 4892 valetudine,‹·
997 4799 1313 4876 Swindereno
1333 4803 1480 4898 scripsit
1503 4826 1581 4876 van
1592 4803 1766 4896 Horror,

59 4915 63 4921 ’
167 4933 285 5004 socius
313 4933 458 5004 itineris
479 4933 579 5024 eius,
610 4935 666 5004 »ei
691 4936 864 5006 morienti
889 4937 1023 5026 etiam,
1049 4935 1116 5036 sed
1141 4935 1282 5026 maior,
1309 4933 1424 5006 affuit
1459 4931 1670 5030 Admiratus
1683 4959 1766 5008 sum

61 5079 68 5093 ·
167 5064 472 5160 tranquillitatem
505 5065 639 5158 animi,
676 5090 746 5161 quc
777 5068 929 5143 immota
957 5089 1046 5143 voce
1071 5066 1119 5140 de
1143 5078 1266 5142 morte
1289 5052 1511 5143 adventante
1534 5065 1767 5162 loquebator.

1360 5198 1387 5270 lr
