4692 6142
511 584 562 678 88
822 588 1352 687 anmrm,1³nmzzn
1377 582 1773 676 wisa-Naeuam,
1823 648 1833 667 ,

626 792 825 898 Descr.
886 790 1016 885 ,Tota
1065 789 1229 905 glabra.
1315 784 1466 873 Caulis
1525 781 1785 885 fruticosus,
1832 753 2123 898 'spadulae

511 937 644 1026 ramis
673 938 851 1049 virgatis
881 934 1154 1049 simplicibus
1182 928 1397 1021 teretibus
1422 926 1633 1015 laevibus.
1702 925 1830 1026 Folia
1854 927 2106 1043 apollines

509 1080 664 1194 longa,
696 1078 887 1206 oblonga
942 1108 1043 1163 cum
1070 1075 1272 1162 acumine
1300 1070 1482 1176 obtuso,
1533 1068 1627 1155 basi
1665 1069 1818 1185 paullo
1855 1074 2108 1187 angustiora

372 1242 378 1257 ·
510 1244 555 1326 et
583 1222 773 1335 integra,
823 1218 1172 1333 apicem'versus
1199 1213 1428 1303 evidenter
1453 1236 1640 1318 serrata,
1694 1213 1926 1299 serraturis
1955 1215 2103 1328 parvis

510 1364 689 1449 remotis
720 1361 934 1476 appressis
975 1357 1169 1462 obtusis,
1235 1383 1368 1469 supra
1406 1354 1573 1460 nitida,
1644 1356 2105 1473 reposo-reticulata,

453 1550 455 1555 ·
508 1505 660 1591 subtus
688 1534 824 1621 opaca
853 1526 899 1591 et
923 1499 1198 1618 pallidiora.
1235 1497 1394 1587 Petioli
1417 1498 1600 1604 breves,
1633 1500 1885 1613 compressi.
1945 1500 2103 1615 spicae

445 1642 448 1649 Δ
509 1677 562 1735 ex
591 1646 774 1761 singulis
813 1646 891 1731 alis
923 1642 1174 1747 solitariae,
1228 1643 1394 1756 petiolo
1426 1642 1564 1758 duplo
1603 1641 1854 1771 longiores,
1909 1666 2103 1749 erectae,

510 1782 764 1891 filiformes,
806 1787 955 1891 laxae,
1006 1785 1242 1870 maximam
1273 1807 1447 1925 partem
1485 1783 1732 1890 masculae3
1790 1767 1953 1871 florum
1990 1810 2103 1871 mas-

510 1920 763 2019 culinorum
794 1928 1048 2042 glomerulis
1078 1927 1225 2044 parvis
1255 1894 1605 2029 remotiusculis,
1640 1923 1816 2011 bractea
1845 1902 1999 2035 oratis·
1978 1921 2107 2052 -sub-

510 2068 702 2157 rotunda
745 2068 944 2154 suffultis.
1018 2068 1236 2155 Pedicelli
1277 2065 1553 2172 brevissimi,
1615 2061 1711 2150 basi
1754 2064 1902 2150 coelur
1911 2125 1926 2170 ,
1996 2039 2103 2183 pilis

452 2204 460 2222 '
510 2210 801 2300 albicantibus
831 2212 1011 2316 hirsuti,
1058 2211 1263 2298 nonnulli
1290 2208 1477 2316 steriles,
1508 2205 1945 2305 bracteolael'ormes.
1997 2205 2105 2310 Flo·

441 2397 452 2411 ·
510 2382 579 2438 res
608 2353 781 2438 minuti.
844 2344 972 2439 Calix
1008 2337 1301 2470 quadrifidus.
1362 2348 1517 2437 Flores
1548 2348 1731 2437 feminei
1752 2348 1866 2455 2-3,
1895 2346 1951 2433 ad
1973 2346 2103 2435 basin

507 2471 653 2608 spicae
673 2492 856 2599 sessiles,
874 2493 1077 2597 solitarii,
1095 2489 1401 2609 approximati.
1432 2488 1717 2577 Involucrum
1735 2489 1855 2578 floris
1875 2488 2101 2577 inferioris

507 2633 644 2747 magis
688 2630 969 2765 distinctum,
1039 2634 1358 2742 orbiculatum,
1415 2635 1776 2749 integerrimum,
1843 2662 2096 2721 concavum.

466 2809 472 2818 ·
509 2772 637 2859 Calix
674 2798 851 2861 setosus.
913 2774 1026 2889 Styli
1051 2797 1137 2863 tres
1164 2800 1209 2861 et
1230 2775 1430 2891 stigmata
1455 2774 1680 2866 multifida
1716 2776 1865 2867 rubra.

508 3000 510 3007 .
628 2916 700 3005 Ad
729 2918 1079 3005 Ilhdosfluvium
1109 2918 1192 3005 sub
1215 2916 1350 3008 finem
1375 2917 1634 3009 Decembris
1667 2920 1805 3027 1816,
1859 2942 1954 3007 tum
1993 2948 2151 3008 uero.

510 3058 558 3146 in
582 3058 702 3149 silvis
726 3062 963 3176 primaevis
991 3062 1109 3148 iuxta
1134 3060 1278 3171 viam,
1314 3094 1403 3181 qua
1426 3062 1606 3152 Minas
1632 3061 1812 3208 adeunt

1994 3364 2018 3399 δ
2117 3378 2132 3407 e

993 3436 1210 3525 Croton
1239 3438 1451 3525 micans
1483 3435 1614 3529 Vabl.

630 3618 764 3707 Adn
824 3620 1035 3740 Quinque
1070 3619 1128 3709 ad
1154 3654 1227 3710 sex
1261 3619 1396 3740 pedes
1438 3621 1591 3708 altum.
1650 3618 1803 3726 Floras
1838 3530 1940 3710 albi
1976 3616 2104 3709 Galix

511 3761 924 3879 quinquepartitus,
971 3786 1149 3848 rotatus.
1213 3761 1421 3851 Corollae
1455 3763 1601 3880 petala
1626 3760 1852 3905 quipque,
1899 3764 2130 3927 lincopia-,s¹

511 3905 657 3990 calicis
695 3904 866 3989 laciniis
892 3905 1073 3992 alterna.
1132 3904 1477 4021 Receptaculum
1506 3908 1849 3998 villosissimum
1911 3906 2133 3995 Stamina²'

518 4048 596 4151 16,
623 4046 788 4151 libera,
806 4047 1095 4134 villosissima.
1157 4049 1269 4163 Styli
1296 4052 1496 4169 quinque
1523 4050 1580 4137 ad
1604 4081 1691 4136 sex.

624 4188 933 4278 v'I'amburili
958 4216 1002 4280 et
1027 4191 1182 4280 valo.

648 4454 1023 4567 Phyllanthus
1054 4456 1299 4544 linearis
1330 4454 1504 4545 Suartz.
1535 4455 1654 4551 Pers,
1685 4454 1790 4569 Syn.
1821 4465 1863 4551 2.
1895 4486 1939 4571 p.
1971 4454 2072 4569 591.

629 4628 756 4717 Obs.
810 4630 936 4717 Folia
976 4627 1264 4753 (Phyllodia)
1341 4631 1785 4737 lineari-attenuata,
1846 4628 2129 4735 subsa'lcata,¹

512 4772 734 4884 vegetiora
766 4769 890 4857 basin
929 4801 1096 4878 versus,
1124 4772 1197 4858 vel
1222 4773 1357 4859 etiam
1382 4797 1490 4880 tota,
1517 4797 1685 4863 remote
1710 4784 1912 4891 pinnata,
1945 4776 2106 4897 pinnu-

514 4916 567 5000 lis
592 4916 738 5030 parvis
765 4914 946 5001 alternis
974 4914 1170 5002 ohovatis
1197 4914 1514 5031 integerrimis,
1563 4944 1756 5033 quarum
1780 4912 1905 5003 sedes
1931 4903 2104 5031 apicem

513 5074 663 5147 versus
704 5058 847 5147 crenis
886 5059 975 5145 illis
998 5056 1232 5173 vflorigeris
1271 5057 1519 5166 indicatum
1568 5057 1613 5145 in
1649 5057 1745 5145 aliis
1782 5058 1914 5145 etiam
1951 5054 2110 5142 desunt
