4692 6142
601 581 714 638 xxm

605 796 802 870 cellarii
828 795 913 866 Sui
939 795 1176 892 potissimum
1207 795 1362 868 consilio
1395 792 1455 866 bis
1488 795 1600 868 terris
1635 819 1869 894 concessum,
1903 800 2081 876 nimirum
2109 803 2195 876 Uni·

605 933 791 1008 versitatis
817 927 1028 1001 litterarum
1053 930 1276 1022 Rhenanaa,
1315 899 1414 1000 nunc
1448 932 1489 1000 in
1511 941 1640 1001 nostra
1666 930 1824 1004 Bonna
1848 933 2196 1009 laetissimeiloren·

491 1076 495 1087 '
605 1067 676 1154 tis,
725 1063 1049 1155 constitutionem,
1088 1064 1150 1135 die
1189 1067 1244 1138 18.
1289 1061 1465 1136 Octobris
1506 1060 1727 1160 Aquisgrani
1766 1067 1806 1139 in
1852 1067 1936 1162 ipso
1967 1065 2036 1139 illo
2076 1069 2196 1140 celebri

608 1198 825 1292 Principum
852 1195 1199 1270 PotentissImcrum
1231 1176 1520 1294 Magnetumque
1551 1220 1750 1295 congressu
1781 1222 1805 1270 a
1843 1200 2090 1274 countroaa
2126 1205 2195 1274 Au-

600 1309 852 1404 'eusrrsstmo
883 1331 1161 1428 proclamatum·
1231 1331 1357 1404 Huius
1383 1332 1532 1427 quidam
1557 1331 1750 1404 Mussium
1777 1333 1872 1404 sedis
1897 1333 2118 1428 amplissime
2140 1360 2195 1407 ex·

608 1465 804 1538 struendae
838 1479 884 1536 ct
907 1465 1164 1538 liberalissime
1199 1465 1355 1536 alendae
1396 1487 1487 1536 cura
1520 1468 1589 1537 etsi
1620 1487 1668 1538 ex
1709 1467 1838 1536 Rucls
1867 1465 2060 1562 Optimi
2082 1467 2195 1562 placito

607 1599 858 1692 illustrissimo
866 1599 1009 1672 Libero
1025 1581 1166 1669 Baroni
1180 1600 1315 1669 Stein
1331 1599 1386 1669 ab
1400 1599 1540 1670 Alten
1552 1611 1592 1669 st
1604 1601 1702 1690 ein,
1730 1599 1860 1671 Rucrs
1877 1601 1998 1676 activo
2017 1600 2194 1695 intimoque

609 1745 724 1806 status
750 1755 953 1830 rerumque
977 1743 1058 1802 turn
1083 1754 1289 1824 sacrarum,
1316 1744 1396 1802 tum
1413 1732 1659 1825 modicarum,
1685 1731 1863 1806 Ministro
1880 1734 2193 1823 Excellentissimo,

609 1868 709 1974 Viro
732 1869 779 1940 de
805 1878 932 1938 nostra
956 1865 1054 1937 alma
1078 1865 1275 1938 Borussica
1307 1865 1487 1938 Rhenana
1520 1866 1781 1938 immortaliter
1818 1870 1979 1960 merito,
2019 1867 2195 1938 demanda-

614 1971 742 2094 retur,
770 2004 888 2098 ipsam
912 2011 1037 2072 tamen
1062 2001 1411 2072 Serenissimus
1443 2000 1678 2096 Princeps
1715 2001 2055 2073 Cancellarius
2088 1999 2195 2092 insigni

613 2140 734 2282 stuqlio
768 2148 807 2209 et
838 2136 971 2210 favore
1004 2137 1182 2232 prosequi
1213 2157 1415 2230 numquam
1449 2135 1576 2251 desiit,
1619 2136 1856 2232 animumque
1879 2136 1980 2211 hunc
2005 2156 2194 2232 quacunque

594 2274 804 2378 ,musione
829 2271 953 2344 oblata
978 2271 1014 2342 ei
1038 2293 1182 2346 summa
1207 2293 1290 2340 cum
1315 2268 1488 2340 comitate
1513 2268 1726 2341 testificatus
1755 2283 1824 2343 est.

709 2409 956 2504 Quaeporro
982 2416 1021 2476 et
1046 2428 1157 2501 quam
1182 2404 1338 2497 insignia
1373 2400 1553 2474 beneficia
1585 2402 1798 2498 furorisque
1831 2403 2057 2475 documenta
2081 2399 2193 2472 Sere·

612 2535 815 2616 sissimo
843 2539 1078 2633 Principi
1109 2536 1162 2609 ab
1195 2534 1529 2634 Hardenberg
1559 2550 1710 2633 accepta
1744 2533 1878 2610 debeat
1911 2536 2052 2608 Nostra
2075 2534 2194 2608 Acade-

613 2676 688 2745 mia
707 2651 895 2746 ⁸Caesares
920 2671 1188 2768 Leopoldino·
1164 2671 1379 2744 ·Carolina
1406 2674 1574 2746 Naturae
1613 2671 1878 2760 Curiosorum,
1915 2693 1965 2740 ex
2002 2695 2096 2784 quo
2107 2669 2192 2762 Ipsi,

614 2810 710 2885 rotis
734 2809 841 2878 huius
866 2806 1085 2882 Academiae
1123 2806 1325 2900 benignum
1356 2809 1520 2880 animum
1559 2807 1774 2902 praebenti,
1811 2805 2122 2912 Protectoris
2141 2825 2193 2872 su-

611 2941 860 3042 premique
886 2915 1077 3036 Capitis
1101 2941 1179 3010 eius
1198 2939 1322 3013 locum
1343 2965 1534 3037 capessere
1553 2941 1754 3036 placuittd.
1771 2937 1959 3012 XXVIII.
1978 2939 2076 3030 Nor
2097 2939 2150 3006 181
2156 2931 2192 3028 )

612 3077 705 3163 haec
730 3078 778 3148 ab
803 3076 1025 3147 Academiae
1051 3086 1200 3145 nostrae
1226 3074 1403 3149 Praeside
1435 3076 1657 3150 amicissimo
1688 3076 1728 3146 in
1767 3074 2012 3144 antecedente
2038 3069 2193 3143 Memoria

618 3211 820 3283 clarissime
847 3211 1013 3304 exposita
1039 3208 1224 3302 leguntur.
1274 3208 1405 3304 Neque
1430 3211 1551 3280 minus
1577 3208 1693 3303 Regia
1716 3206 1917 3281 Academia
1932 3206 2084 3278 Artium
2104 3205 2194 3274 Bsro

615 3345 765 3418 licensis
792 3369 926 3436 curae,
963 3343 1091 3416 sedulo
1114 3366 1369 3442 generosaque
1403 3344 1657 3452 continuatae,
1696 3345 1916 3416 documenta
1950 3341 2094 3439 egregia
2117 3332 2195 3430 Ipsi

616 3491 765 3574 accepta
791 3478 922 3550 refert.
1549 3473 1551 3476 ⁴

717 3611 796 3700 Tot
830 3585 1013 3707 tantisque
1045 3609 1202 3708 negotiis
1238 3581 1523 3709 laborIbusque,
1564 3637 1745 3686 summam
1783 3611 1918 3688 virium
1947 3609 2195 3687 contentionem

617 3744 795 3817 continuo
818 3746 1076 3842 poscentibus,
1108 3746 1185 3818 rita
1222 3748 1375 3842 quidem·
1400 3749 1589 3843 otiumque
1623 3747 1934 3821 serenissimi
1978 3736 2196 3830 PrinciPi⁸

619 3878 921 3951 Cancellarii
945 3900 1098 3974 prorsus
1125 3881 1298 3974 occupari
1322 3883 1561 3976 consumique
1588 3880 1737 3972 debuit,
1772 3880 1885 3950 enimi
1910 3892 2051 3969 mmen,
2076 3883 2197 3962 semper

619 4015 666 4084 ad
685 4014 806 4084 officia
830 4012 1067 4108 paratissimi,
1093 4017 1272 4086 serenitas
1298 4029 1336 4087 et
1361 4016 1545 4108 alacritas,
1575 4015 1786 4108 ingeniique
1811 4015 1869 4086 vis
1893 4013 2130 4105 laborumque
2151 4023 2198 4070 ὅθ’

620 4146 798 4238 siduitas,
823 4147 861 4216 in
886 4147 966 4240 ipso
991 4149 1094 4218 senio
1109 4197 1122 4236 ,
1148 4150 1248 4242 quod
1273 4146 1354 4219 Iere
1383 4172 1500 4244 usqua
1525 4149 1571 4220 ad
1597 4159 1784 4238 extremos
1811 4171 1925 4234 annos
1963 4143 2123 4242 corporis
2138 4156 2198 4242 5⁸⁶

621 4280 751 4350 letudc
784 4279 1036 4374 prosperrima
1073 4280 1380 4376 sanctionumque
1414 4281 1582 4384 vitalium
1615 4282 1752 4354 eximie
1788 4291 2005 4369 conservata
2036 4270 2198 4365 integrius

622 4410 771 4506 egregie
804 4426 1077 4485 exornaverant
1114 4414 1428 4520 levaverantque,
1471 4413 1620 4510 fatigari
1660 4381 1854 4511 frangique
1884 4415 2063 4513 nequivit.
2110 4406 2199 4476 (30¹1t

620 4547 874 4643 probaverunt
898 4547 1023 4640 potius
1044 4547 1246 4642 insignem,
1272 4521 1345 4645 qus
1369 4545 1419 4621 le
1451 4550 1678 4645 grandaevus
1704 4551 1825 4622 adbuc
1848 4551 2025 4646 eminuit,
2050 4547 2089 4617 iu
2111 4534 2199 4610 rebus
2278 4620 2279 4645 ,

623 4680 852 4776 negotiisque
876 4677 1058 4774 publicis,
1089 4681 1208 4780 iisque
1231 4683 1485 4789 gravissbnis,
1520 4687 1695 4781 gerendis
1727 4686 1983 4760 strenuitatem
2008 4683 2197 4774 cougrestffi

620 4809 679 4894 iili
704 4811 920 4910 Principum
946 4814 1164 4908 nuperiores
1190 4827 1229 4886 et
1252 4819 1514 4891 conventiones
1541 4842 1684 4890 summe
1710 4818 1995 4909 memorabiles,
2030 4814 2077 4887 ad
2099 4805 2199 4878 Ther·

626 4969 705 5032 mas
730 4947 949 5040 Caroliuss,
987 4947 1247 5044 Troppsvise,
1281 4950 1434 5024 Leibaci
1445 5002 1459 5043 ,
1493 4963 1531 5024 et
1564 4952 1761 5022 norissima
1795 4949 1971 5026 Veronae
2001 4943 2195 5024 celebrem>

628 5084 667 5154 in
698 5081 830 5180 quibus
861 5084 963 5159 iussu
995 5093 1033 5158 ct
1057 5084 1126 5158 sub
1151 5083 1241 5182 ipsis
1264 5087 1437 5184 auspiciis
1469 5085 1601 5160 lisera
1634 5087 1747 5160 rebus
1779 5086 2054 5181 commodisque
2082 5068 2198 5170 patrias
