4692 6142
615 676 630 693 ..
689 629 855 729 Beira-ag
875 648 948 705 zur
971 622 1094 705 flora
1116 623 1343 705 Brasilicnr.
1375 692 1383 709 x
1490 664 1494 673 ·
1768 632 1816 711 ³1

339 835 534 927 Adnot.
594 828 722 919 alt,
741 822 993 919 secunda
1022 822 1271 919 R.,etPav:
1301 821 1504 943 »glabra
1532 821 1652 914 foliis
1679 826 1819 913 oratis

227 982 519 1092 »acuminatis
540 975 735 1066 obsolete
758 972 1038 1063 denticulatis
1059 966 1295 1075 cilia‘tis,
1329 970 1513 1063 racemis
1535 997 1588 1063 se
1602 967 1818 1071 caudis,

223 1130 360 1215 calice
391 1120 657 1223 bilabiato,‹
690 1163 752 1185 -
780 1146 870 1201 non
904 1112 998 1201 fere
1044 1112 1137 1201 nisi
1176 1113 1324 1213 notis,
1372 1110 1481 1232 quas
1519 1110 1635 1228 typis
1683 1112 1820 1224 magis
1860 1122 1900 1195 .'
1992 1140 2000 1153 ·

225 1268 404 1357 remotis
437 1258 746 1365 indicavimus,
781 1254 1014 1362 distincta,
1046 1284 1161 1375 quae
1191 1277 1340 1345 tamen
1367 1275 1497 1341 notae
1528 1250 1601 1339 bic
1626 1251 1819 1369 speciem

225 1441 329 1501 vere
361 1406 613 1495 distinctam
642 1406 873 1516 seiungere
904 1397 1033 1488 nobis
1064 1395 1315 1485 videntum·
1426 1390 1434 1410 ’

340 1550 528 1639 Descr.
590 1544 797 1655 Caulise
829 1541 980 1631 radice
1021 1537 1208 1656 obliqua
1238 1568 1410 1627 ramosa
1439 1535 1590 1627 albida
1627 1561 1818 1642 erectus,

230 1673 323 1779 122
356 1688 550 1806 pedalis,
582 1684 849 1791 scatescens,
898 1679 1072 1770 inferne
1104 1704 1217 1767 teres
1249 1702 1380 1801 atque
1411 1680 1584 1788 nudus,
1627 1711 1820 1798 superne

227 1832 437 1937 loliosus,
482 1827 777 1943 subsimplex,
836 1823 1275 1941 anguloso-sulcatus
1304 1845 1350 1911 et
1377 1824 1575 1939 pilorum
1604 1823 1818 1929 seriebus,

227 2006 253 2063 a
282 1974 403 2062 loliis
434 1968 791 2078 decurrentibus,
822 1990 1008 2056 notatus.
1068 1966 1263 2083 Petiolus
1288 1964 1399 2054 folio
1426 1966 1618 2053 dimidio
1642 1965 1823 2056 brevior

228 2138 364 2229 supra
393 2110 583 2229 pilosus,
613 2106 773 2199 viridis
795 2106 1053 2231 (Rivinae
1083 2107 1367 2197 secundae
1397 2108 1533 2199 ruber
1562 2109 1667 2221 est.)
1697 2110 1824 2197 Folia

230 2253 621 2371 ovato-elliptica‚
670 2252 944 2362 acuminata,
997 2255 1310 2371 integerrima,
1362 2252 1585 2367 (crenulis
1617 2254 1829 2375 inaequa-

230 2399 347 2487 libus
377 2398 452 2485 vix
483 2392 787 2512 conspicuis),
832 2393 1010 2511 glabra,
1051 2400 1262 2516 marginis
1292 2419 1463 2487 tantum
1492 2394 1586 2484 basi
1619 2418 1828 2514 costaque

230 2537 380 2629 media
417 2536 635 2656 petiolum
679 2566 830 2639 versus
867 2536 1305 2654 subpubescentibus.
1381 2540 1561 2629 Racemi
1603 2541 1651 2627 in
1687 2540 1828 2627 ‘ramis

198 2682 503 2786 ·terminales,
537 2696 565 2769 'r
587 2709 642 2767 -ι
673 2676 755 2793 rsa
789 2679 940 2768 uncias
970 2682 1117 2795 longi,
1150 2679 1407 2790 multiflori,
1452 2680 1633 2771 bractea
1658 2679 1831 2796 singula
1934 2721 1941 2727 ’
2082 2655 2086 2663 ’

227 2850 399 2939 cctacca
425 2820 615 2916 decidua
639 2821 721 2910 sub
749 2824 906 2945 quovis
931 2820 1152 2938 pedicello
1178 2817 1385 2941 binisque
1418 2822 1662 2930 similibus,
1696 2820 1829 2910 nudo

233 2962 493 3079 oculojere
524 2961 848 3080 inconspicuis,
890 2960 971 3050 sub
997 2958 1197 3049 eiusdem
1229 2963 1367 3078 apice.
1393 3008 1455 3029 -
1481 2962 1610 3051 Calix
1637 2960 1830 3069 albidus,

235 3108 499 3217 bilebiatus3
553 3105 673 3194 labio
703 3107 931 3224 superiore
962 3104 1160 3195 breviori
1169 3115 1196 3207 ,'
1236 3103 1457 3221 simplici,
1511 3104 1722 3195 inferiore
1754 3106 1834 3195 tri·

236 3247 428 3365 partito,
473 3246 650 3334 laciniis
681 3246 883 3363 oblongis
915 3246 1184 3337 trinervibus
1214 3252 1411 3354 venosis,
1466 3246 1616 3337 media
1646 3248 1830 3367 reliquis

235 3389 454 3501 longiore.
515 3388 729 3476 Fructust
785 3386 926 3479 Bacca
955 3390 1071 3478 sicca
1101 3390 1353 3480 cancellata.-
1413 3390 1574 3481 Semen
1605 3386 1832 3491 fluvidum.

238 3526 445 3642 Embryo
476 3526 535 3615 ad
564 3552 717 3645 typum
749 3532 919 3647 generis
949 3530 1177 3621 formatus.

243 3650 260 3681 ⁸
354 3668 487 3756 Circa
517 3668 635 3771 viam
665 3668 1093 3775 Felisbertiam.

294 3918 582 4007 Petiveria
613 3918 911 4008 tetrandra
950 3920 1130 4013 Gomez.
1162 3924 1277 4047 (Act.
1320 3926 1479 4041 Ulisip.
1518 3927 1642 4016 1812.
1668 3958 1712 4043 p.
1745 3928 1835 4034 83.)

356 4068 404 4155 Ρ.
465 4070 585 4158 soliis
617 4070 821 4186 oblongis
849 4069 1051 4161 acumine
1082 4075 1327 4194 producto,
1359 4075 1545 4165 floribus
1585 4076 1836 4164 tetrandris.

132 4332 139 4343 ι
356 4208 464 4299 Ohs.
526 4213 701 4329 Species
728 4212 851 4321 baec,
882 4217 929 4300 in
954 4216 1075 4306 silvis
1102 4221 1343 4335 primaevis
1371 4219 1427 4307 ad
1463 4216 1604 4307 llttos
1628 4217 1840 4336 flumen*)

246 4376 461 4457 crescens,
497 4350 835 4441 Petiveriam
879 4356 1204 4468 alliaceam,
1238 4363 1350 4451 bene
1384 4364 1623 4479 cognitam,
1662 4388 1839 4483 aequat,

244 4492 435 4608 exceptis
464 4493 608 4605 soliis,
650 4500 851 4623 acumine
895 4499 1024 4617 longe
1065 4501 1285 4618 producto
1338 4505 1631 4626 obtusatoque
1682 4507 1843 4590 instru-

244 4638 342 4741 ctis,
375 4658 420 4725 et
447 4634 629 4726 floribus
659 4640 921 4752 tetrandris;
965 4645 1112 4731 minor
1142 4670 1289 4735 autem
1319 4672 1401 4757 est,
1435 4680 1517 4738 nec
1547 4649 1628 4736 nisi
1667 4676 1846 4764 hapa»

245 4776 382 4885 dalis,
446 4778 614 4869 tructus
663 4788 796 4873 etiam
850 4788 1022 4904 apicem
1060 4817 1212 4879 versus
1257 4795 1399 4883 multo
1444 4795 1580 4911 magis
1636 4791 1855 4880 dilatatus·

249 4920 548 5043 cornibusque
577 4922 759 5015 ¹duobus
797 4926 1155 5053 divergentibus,
1205 4936 1346 5027 hamis
1374 4960 1568 5029 setarum
1616 4934 1753 5025 ternis
1784 4937 1847 5021 in·

306 5156 348 5228 ⁶)
369 5158 527 5227 Eandem
552 5162 596 5229 acl
616 5157 851 5237 Almadam
880 5172 959 5265 legi.
1147 5196 1181 5243 ι.
1204 5174 1253 5242 M.
