4692 6142
574 605 711 664 XXXVI

577 825 783 917 tissimum,
828 825 1381 922 Reinorum·losephum
1409 826 1665 902 Antonium
1693 827 2041 920 Alexandrum,
2066 833 2167 906 Medi·

580 951 685 1022 cinae
717 949 919 1021 Doctorem
932 1001 944 1042 ,
979 973 1089 1045 quem
1126 951 1289 1046 primum
1325 952 1395 1024 sihi
1428 953 1644 1046 magistrum
1672 965 1709 1022 et
1733 953 1940 1024 studiorum
1967 955 2088 1026 ducam
2110 959 2168 1028 ad·

580 1071 694 1144 luisse
706 1123 718 1164 ,
736 1073 811 1168 pia
835 1083 962 1144 menta
986 1073 1129 1145 solebat
1155 1075 1360 1145 recordari.

683 1228 810 1320 Quum
842 1251 933 1302 vero
970 1229 1095 1302 vivida
1133 1229 1244 1323 pueri
1277 1213 1425 1302 indoles
1456 1233 1508 1301 ita
1540 1234 1675 1302 sensim
1713 1257 1753 1303 se
1785 1233 2020 1327 explicasset,
2058 1247 2095 1304 ut
2117 1259 2169 1331 par

582 1355 694 1426 docili
731 1355 878 1448 ingenio
911 1355 1040 1448 ingens
1073 1355 1238 1426 discendi
1269 1359 1406 1448 ardor,
1450 1371 1597 1452 praeter
1623 1371 1791 1452 patrem,
1835 1359 2003 1453 plurimis
2037 1365 2168 1452 negotiis
2259 1382 2260 1423 t

580 1481 810 1571 districtum,
855 1481 927 1549 iam
957 1479 1046 1552 alios
1088 1505 1235 1577 quoque
1265 1494 1524 1576 praeceptores
1557 1483 1806 1572 desideraret,
1840 1483 1997 1551 traditus
2030 1496 2081 1552 est
2109 1509 2167 1577 pn-

578 1604 698 1676 blioae
745 1604 959 1676 Coloniensi
996 1603 1174 1689 scholae,
1218 1607 1283 1676 ubi
1319 1617 1405 1678 tunc
1439 1607 1615 1709 temporis
1658 1607 1843 1678 florebant
1876 1607 2080 1678 Clarissimi
2110 1612 2168 1680 viri

583 1730 828 1819 Walralf,
856 1719 1054 1826 Gillt),
1083 1729 1277 1826 Kramp.
1306 1732 1548 1827 Faber**),
1584 1731 1801 1822 Jaeokat,
1842 1742 1911 1800 etc.

684 1887 746 1962 Ad
776 1889 898 1960 studia
931 1898 1058 1979 natus,
1093 1889 1254 1958 mirabili
1288 1893 1425 1962 virium
1451 1891 1689 1962 contentione
1713 1891 1753 1961 in
1777 1889 1847 1961 hac
1873 1892 2051 1983 palaestra
2075 1889 2168 1957 desn-

584 2015 710 2105 davit,
750 2023 788 2084 et
825 2024 1077 2084 maturescens
1108 2012 1302 2110 altioribus
1327 2017 1528 2112 disciplinis
1553 2016 1739 2110 ingenium
1768 2028 1843 2086 tarn
1870 2039 2003 2086 severa
2027 2015 2168 2084 exercuit

584 2138 690 2233 lege,
720 2150 761 2209 ut
786 2161 870 2210 curn
896 2161 994 2208 auno
1019 2139 1148 2220 aetatis
1173 2161 1272 2210 nono
1290 2142 1435 2214 decimo
1455 2144 1593 2214 ibidem
1611 2143 1824 2214 tirocinium
1842 2157 2013 2238 poneret,
2040 2152 2166 2236 praeter

584 2265 753 2336 scientias
779 2262 1055 2334 madrematicaa
1083 2275 1120 2332 et
1146 2263 1334 2358 physicas,
1384 2267 1492 2338 uibus
1518 2267 1734 2360 praesertim
1760 2289 1800 2336 se
1826 2267 2003 2354 dederat,
2030 2263 2167 2358 plurium

584 2390 693 2460 etiam
729 2389 963 2483 linguarum,
1022 2387 1192 2459 Gallicae
1233 2389 1392 2480 scilicet,
1437 2389 1634 2483 Anglicae,
1680 2389 1926 2484 Hispanicae,
1967 2387 2111 2458 Latinae
2140 2396 2167 2454 et

583 2511 774 2605 Graecae,
817 2507 1024 2608 cognitione
1050 2514 1150 2584 haud
1177 2513 1321 2606 vulgari
1345 2513 1505 2609 polleret
1518 2509 1600 2608 m).
1635 2510 1802 2584 Munitus
1820 2512 1921 2582 hisce
1939 2511 2166 2581 doctrinarum

582 2640 804 2712 adiumentis
839 2652 877 2710 et
903 2639 1118 2734 praesidiis,
1156 2638 1315 2711 contulit
1338 2661 1380 2709 se
1404 2635 1452 2706 ad
1475 2635 1713 2707 Academiam
1740 2635 2041 2728 Gottingensem,
2077 2629 2166 2700 audi-

580 2773 686 2832 turus
725 2757 882 2833 Doctiss.
919 2759 1036 2832 Proff.
1077 2757 1268 2855 Heyne,
1314 2761 1664 2854 Blumenhoch,
1702 2761 1968 2853 Schrader,
2004 2755 2165 2848 Himly,

582 2881 894 2960 Bouterweok
919 2900 1009 2980 ete,
1046 2911 1203 2983 quorum
1227 2861 1379 2958 ultimus
1402 2913 1487 2959 eum
1511 2900 1698 2984 tamquam
1726 2889 2015 2959 eruditissimum
2040 2907 2085 2955 ex
2107 2882 2165 2951 suis

581 3013 739 3084 alumnis
772 3028 1014 3087 consueverat
1049 3015 1254 3107 designare.
1306 3013 1406 3083 Hinc
1431 3014 1645 3084 Parisios
1671 3013 1858 3108 profectus
1884 3027 1966 3103 est,
2003 3014 2064 3082 uhi
2089 3032 2164 3078 anno

584 3137 867 3209 18051auream
893 3137 1121 3238 doctoralem
1148 3161 1384 3234 summosque
1409 3141 1449 3210 in
1477 3141 1664 3212 Medicina
1690 3143 1854 3213 honores
1880 3153 2090 3214 consecutus
2115 3146 2164 3204 est.

678 3296 762 3367 Vix,
791 3298 830 3368 iu
865 3298 1021 3391 patriam
1061 3321 1214 3372 reverso
1249 3300 1492 3372 demandatur
1527 3299 1769 3372 honorificum
1798 3325 1929 3370 munus
1958 3297 2107 3370 docendi
2134 3293 2163 3360 iu

579 3422 770 3496 Athenaeo
814 3423 1260 3498 Coloniensihistoriain
1302 3425 1528 3516 naturalem,
1581 3426 1811 3510 botanicam,
1863 3425 2067 3510 chemlam,
2111 3427 2163 3486 etc·

580 3545 743 3640 Dignum
770 3573 809 3618 se
831 3550 965 3621 civium
991 3553 1263 3645 exspectatione
1291 3550 1473 3643 praestitit
1499 3546 1773 3622 Casselius.
1802 3571 1878 3616 non
1893 3545 2163 3640 praelectionum

580 3679 723 3740 tantum
760 3671 999 3764 excellentia,
1038 3675 1103 3744 sed
1143 3687 1180 3744 et
1210 3673 1607 3769 praestantissimorum
1635 3675 1880 3765 scriptorum,
1917 3671 1963 3740 ad
1990 3693 2066 3740 rem
2089 3664 2164 3732 her·

580 3797 720 3866 bariam
757 3798 974 3890 praesertim
1003 3799 1289 3892 pertinentium,
1326 3799 1507 3872 editione:
1554 3799 1606 3868 Ut
1631 3812 1754 3868 autem
1781 3811 1861 3869 erat
1887 3797 2031 3869 venusti
2065 3785 2163 3860 omnia

581 3933 618 3991 et
654 3923 798 4016 pulchri
831 3925 1039 4013 adamatur,
1077 3927 1128 3994 ita
1163 3928 1355 3997 severiora
1389 3918 1625 3997 scientiarum
1661 3926 1782 3996 studia
1819 3923 2094 4017 attemperavit,
2133 3919 2165 3978 ¹¹1

580 4047 798 4116 succisivum
833 4047 981 4140 aliquod
1005 4059 1149 4142 tempus
1174 4050 1307 4122 litteris
1332 4064 1584 4124 consecraret:
1624 4053 1750 4143 poesin
1775 4074 1848 4122 non
1876 4051 2066 4144 neglexit,
2105 4039 2163 4106 1¹⁰·

520 4151 524 4159 ⁵
578 4182 751 4240 cumento
776 4171 824 4240 sit
848 4169 1244 4266 fragmentumoperis
1257 4226 1271 4263 ,
1298 4175 1464 4244 versibus
1492 4175 1656 4263 exarati,
1685 4175 1743 4243 cui
1769 4173 1920 4252 titulust
1953 4173 2031 4242 Die
2050 4164 2164 4258 issan-

517 4381 521 4389 Ι
576 4294 744 4385 zenwelt,
781 4296 880 4390 quod
908 4296 1068 4390 vulgavit
1094 4321 1191 4368 anuo
1223 4301 1312 4368 1811
1342 4295 1393 4386 l).

588 4485 1049 4504 m

611 4565 640 4635 ‘)
660 4564 744 4622 Nunc
764 4566 910 4622 Professor
933 4571 963 4622 in
978 4569 1132 4624 Academia
1155 4571 1316 4630 Leodiensi·

612 4661 660 4729 ⁸⁸)
681 4660 773 4714 Hodie
790 4663 978 4717 consiliarius
997 4664 1180 4736 Imperatoris
1198 4669 1285 4720 totius
1305 4668 1438 4722 Russiae.

612 4757 671 4828 η’)
690 4758 800 4820 Quanta
819 4755 905 4813 luerit
927 4760 956 4814 in
987 4777 1075 4831 puero
1101 4764 1233 4817 alacritas
1260 4764 1385 4829 ingenii,
1412 4762 1582 4815 documento
1603 4767 1671 4814 sunt
1690 4777 1740 4824 ea,
1770 4775 1843 4830 quae
1863 4768 1942 4830 pater
1959 4747 2082 4811 defuncti
2101 4737 2164 4793 ssit-

680 4867 753 4928 mat:
774 4866 883 4926 septem
902 4873 991 4912 annos
1012 4868 1108 4912 natum
1126 4860 1213 4914 latine
1231 4878 1297 4913 eum
1316 4877 1371 4913 non
1390 4851 1514 4931 pessime
1535 4858 1661 4909 locutum
1677 4871 1749 4918 esse,
1770 4858 1870 4924 gallice
1890 4865 1995 4916 summ,
2015 4852 2107 4903 decem
2121 4849 2162 4887 ’θ’

680 4963 778 5002 normn
797 4952 944 5014 minorem,
965 4950 1199 5018 elegantissime3
1220 4954 1348 5006 bimestri
1364 4955 1458 5025 spatio
1475 4951 1600 5021 linguam
1621 4953 1760 5017 anglicam
1779 4951 1916 5004 didicisse
1928 4961 1982 5007 etc.
2045 4933 2121 4996 mat
2134 4922 2163 4978 f·

609 5040 647 5110 9)
667 5040 827 5096 Dolendum
855 5054 917 5106 est,
946 5029 1038 5115 pauca
1063 5055 1172 5098 tantum
1193 5047 1303 5115 reliqua
1322 5063 1387 5100 esse
1405 5047 1541 5102 carminis
1569 5048 1655 5099 huius
1673 5045 1807 5099 didactici
1828 5047 1999 5114 fragmenta.
2015 5025 2161 5129 (1019οΨ

678 5135 708 5186 iu
737 5135 817 5191 lastis
846 5140 1015 5208 quibusdam
1041 5143 1271 5214 compendiosis,
1302 5161 1318 5198 a
1345 5159 1428 5198 novo·
1444 5154 1506 5198 tam
1526 5143 1690 5214 bihhopolio
1710 5160 1784 5198 anuo
1807 5145 1894 5198 citato
1925 5140 2056 5204 coioniae
2076 5121 2161 5182 “¹¹⁰''
