4692 6142
621 605 732 660 mv

609 821 850 908 haberetur,
888 841 996 912 quem
1029 819 1188 890 eximiae
1213 821 1491 918 eristimationis
1533 821 1788 915 significandae
1826 827 2012 898 causant
2050 829 2192 922 legatum

622 948 955 1024 extraordinarium
989 944 1084 1021 anno
1122 955 1215 1044 1786
1242 953 1455 1025 Berolinum
1487 959 1672 1042 mitteret,
1700 959 1748 1025 ad
1780 969 2061 1049 testamentum,
2107 969 2191 1056 quod

619 1085 873 1155 anaarcus
909 1085 1106 1172 Missus,
1153 1087 1471 1158 Borussorum
1497 1061 1618 1173 Rea,
1654 1089 1692 1154 in
1727 1111 1857 1158 manus
1882 1088 2056 1182 Nepotis,
2095 1117 2187 1185 quen

518 1269 525 1276 ·
620 1220 741 1310 magni
766 1219 959 1308 habuerat,
984 1218 1123 1287 Ducis
1149 1219 1245 1288 illius
1268 1219 1641 1306 Brunsricensis,
1659 1219 1890 1312 deposuerat,
1908 1221 2071 1315 Augusto
2082 1222 2188 1320 Magni

620 1349 732 1445 Regis
756 1351 977 1440 Successori,
1006 1350 1234 1420 Farnrmco
1259 1351 1481 1422 Guurttmto
1505 1351 1565 1444 ll,
1591 1353 1821 1424 tradendum.

718 1615 842 1688 Huius
874 1616 1033 1712 quidem
1058 1617 1250 1710 legationis
1281 1629 1433 1691 eventus
1469 1616 1541 1691 tuit
1573 1620 1674 1708 talis,
1709 1621 1808 1714 quali
1844 1643 1931 1691 mox
1964 1641 2062 1690 nora
2085 1645 2183 1717 eaque
2280 1610 2282 1617 ⁵

614 1750 926 1843 multoamplior
962 1750 1143 1822 Nostro
1178 1754 1388 1844 aperiretur
1421 1774 1530 1838 area,
1567 1731 1640 1845 qua
1673 1754 1748 1822 vim
1774 1755 1926 1844 ingenii,
1962 1756 2129 1822 scientiae
2152 1767 2181 1823 ct

614 1883 772 1976 regendi
804 1882 1028 1973 reipublicae
1062 1884 1301 1973 gubernaculi
1331 1886 1590 1955 dexteritatem
1625 1886 1762 1954 maiore
1794 1886 1934 1953 ambitu
1969 1883 2180 1954 manifestare

613 2025 745 2111 posset
772 2013 879 2084 Novo
900 2013 1001 2083 'enim
1028 2013 1133 2082 Reor
1160 2015 1211 2082 ita
1235 2015 1374 2107 placuit
1400 2009 1748 2108 Hardenbergii
1774 2011 1811 2085 in
1830 2015 2054 2104 hominibus,
2070 2018 2179 2109 quibus

613 2158 803 2234 uteretur,
830 2147 1027 2215 tractandis
1062 2169 1148 2218 rere
1171 2148 1324 2240 insignis
1349 2161 1386 2218 et
1409 2150 1663 2241 insuperabilis
1690 2149 1840 2218 comitas
1864 2161 1973 2240 atque
1999 2150 2177 2234 urbanitas,

595 2277 651 2348 -in
671 2278 910 2347 diiudicandls
931 2278 1238 2370 disponendisque
1259 2282 1412 2370 negotiis
1436 2282 1591 2375 publicis
1613 2280 1847 2372 consiliisque
1868 2281 1998 2348 dandis
2011 2281 2176 2372 perspica-

610 2411 701 2481 citas
719 2421 764 2479 et
798 2431 973 2497 acumen,
1009 2409 1047 2476 in
1072 2408 1195 2500 legum
1219 2411 1258 2480 ri
1283 2413 1587 2506 superiorumque
1621 2415 1838 2482 auctoritate
1869 2414 2006 2482 tuenda
2031 2411 2204 2514 firmitas,

607 2567 727 2638 aeque
752 2567 794 2612 ac
819 2543 857 2611 in
884 2543 1020 2612 civium
1044 2542 1247 2611 commodis
1272 2543 1447 2636 iustisque
1473 2545 1665 2614 desideriis
1689 2545 1935 2615 satisaciendis
1969 2543 2175 2638 paratissima

610 2675 842 2762 humanitas,
878 2685 920 2742 ut
945 2673 989 2742 de
1016 2685 1168 2766 quaestu
1200 2674 1371 2766 insigni,-
1389 2699 1497 2768 quem
1530 2677 1677 2769 populi,
1703 2678 1772 2748 sub
1805 2678 2022 2747 Borussicae
2053 2672 2175 2768 aquilae

606 2807 673 2878 alis
698 2807 892 2893 florentes,
919 2829 970 2876 ex
991 2807 1216 2898 acquirendo
1240 2817 1319 2875 tam
1341 2811 1487 2900 egregio
1511 2810 1616 2895 viro,
1650 2820 1693 2879 ut
1716 2831 1843 2879 rerum
1868 2810 2095 2902 publicarum
2116 2805 2171 2872 ad·

607 2941 799 3029 ministro,
826 2939 960 3008 secturi
984 2951 1123 3026 essent,
1149 2961 1224 3006 non
1250 2940 1362 3009 modo
1384 2964 1459 3009 non
1483 2942 1683 3030 dubitaret,
1709 2942 1773 3011 sed
1798 2943 1895 3015 riam
1920 2941 1968 3010 ad
1993 2940 2064 3008 tale
2087 2957 2176 3030 pree·

486 3133 490 3141 f
606 3075 740 3146 sidium
766 3075 842 3142 suis
868 3073 1133 3142 conciliandum
1160 3094 1293 3162 parare
1318 3075 1566 3143 constitueret.
1618 3075 1766 3163 Quare,
1804 3084 1999 3166 postquam
2024 3069 2172 3140 Serenis·

606 3207 720 3285 rimus
761 3205 1016 3297 Marggratius
1051 3204 1419 3296 Brandcnburgious,
1458 3217 1643 3274 terrarum
1678 3203 2173 3278 Onoldino‘Baruthinarutu

605 3339 754 3410 ultimus
799 3338 1007 3431 Princeps,
1043 3336 1249 3407 Carolus
1283 3337 1578 3428 Alexander,
1615 3362 1712 3409 nunc
1744 3341 1843 3409 inter
1875 3339 2048 3426 coelites,
2087 3333 2172 3402 cuius

603 3471 809 3566 gratissima
839 3471 1019 3540 memoria
1050 3471 1151 3538 inter
1187 3470 1343 3563 populns
1367 3471 1476 3558 istos',
1518 3473 1653 3564 quibus
1680 3483 1785 3565 pater
1814 3456 1886 3541 fuit
1910 3473 2171 3568 amantissimus,

605 3581 811 3676 indelebilis
835 3605 1062 3696 permanebit
1077 3653 1087 3692 ,
1128 3626 1226 3673 anno
1254 3626 1351 3696 ¹79⁰
1378 3601 1571 3674 consilinm
1597 3618 1762 3697 ceperat,
1797 3606 1976 3695 regimine
2003 3618 2169 3674 terrarum

599 3759 753 3808 suarum
788 3747 915 3830 sponte
950 3734 1141 3807 abdicandi
1173 3745 1210 3803 et
1246 3734 1363 3806 otium
1394 3736 1589 3804 senectutis
1620 3737 1692 3804 sibi
1724 3737 1824 3804 inter
1849 3747 1996 3820 exteros
2023 3728 2171 3827 parandi,

602 3883 786 3941 terrarum
814 3893 907 3942 vern
929 3891 1079 3938 ararum
1096 3866 1465 3954 administrandarum
1491 3870 1629 3956 curam,
1656 3882 1850 3962 antequam
1876 3870 1952 3961 ipse
1973 3844 2120 3961 *prorsus
2140 3866 2174 3925 et

602 4001 744 4072 solenni
785 4001 1031 4072 declaratione
1075 4001 1120 4068 ab
1155 4001 1321 4092 ipsarum
1348 3999 1507 4092 irnperio
1540 4002 1751 4090 recederet,
1790 4003 1900 4093 idque
1930 3997 2042 4070 liner
2075 3990 2171 4064 adfini

600 4133 801 4226 heredique
832 4133 997 4224 legitimo
1028 4131 1220 4218 traderet,
1258 4133 1341 4203 siro
1371 4131 1503 4222 elicui,
1536 4134 1588 4202 ad·
1606 4132 1698 4202 hano
1725 4135 1953 4225 provinciam
1989 4127 2171 4241 gerendam

596 4265 819 4360 praeprimis
841 4267 977 4334 idoneo
997 4263 1194 4356 dignoque,
1220 4264 1489 4364 committendi,
1513 4263 1606 4332 Rex
1632 4254 1791 4357 optimus'
1817 4265 1981 4357 Principi
2004 4275 2041 4334 et
2061 4251 2168 4332 Adfissi

597 4398 817 4468 amicissimo
835 4395 1252 4487 Hardonbergium
1270 4408 1310 4466 ut
1329 4396 1440 4479 talem
1469 4377 1630 4468 laudarit
1655 4398 1941 4489 proposuitque,
1969 4417 2078 4490 quem
2093 4405 2168 4481 prae

572 4531 677 4612 „aliis
712 4530 854 4623 optime
883 4537 920 4597 et
948 4530 1199 4621 prosperrime
1231 4529 1296 4628 aa·
1311 4529 1578 4621 principatuum
1613 4529 1763 4618 illorum
1798 4528 2043 4621 gubernacula
2066 4517 2165 4590 collo·

592 4684 679 4738 care
705 4673 837 4756 posset.
872 4660 972 4732 Huic
999 4661 1151 4731 consilio
1176 4661 1355 4753 plaudens
1378 4663 1640 4750 Sereuissimus
1665 4661 1934 4754 Marggravius,
1963 4656 2168 4729 Hardea·

591 4799 800 4890 bergium
833 4795 1078 4869 serenissimo
1102 4819 1124 4864 a
1148 4795 1255 4866 Duce
1290 4795 1575 4878 Brunsvicensi·
1597 4795 1685 4864 sibi.
1706 4795 1858 4886 expetiit
1899 4806 1942 4863 ut
1982 4802 2167 4865 terrarum,

573 4940 676 5024 post
707 4930 902 5003 discessum
940 4947 1087 5023 quoque
1105 4997 1110 5008 ,
1129 4951 1176 4998 cx
1210 4927 1297 5020 ipsis
1333 4927 1395 5012 Illi
1427 4926 1703 5018 adamatarum,
1737 4923 2040 5019 gubernatorem,
2078 4928 2113 4989 et
2132 4910 2167 4982 5¹²

589 5061 661 5134 hoc
686 5063 804 5157 petito
828 5061 978 5142 Reum
1004 5061 1132 5157 Ipsum
1155 5059 1282 5135 lrabuit
1305 5061 1532 5149 adiutorem.
1602 5117 1607 5125 .
1639 5113 1644 5126 .
1988 5057 1992 5069 ’
