4692 6142
598 646 702 698 Lvrrr

420 879 423 886 ·
530 905 532 910 ·
606 859 731 930 Etiam
757 859 927 928 mandata
954 857 1044 927 mihi
1068 850 1246 927 nonnulla
1272 853 1395 946 dedit,
1429 876 1523 948 quae
1546 863 1631 924 ante
1657 864 1816 925 mortem
1841 856 1914 926 iam
1939 866 2066 926 exucta
2086 857 2205 949 opta·

601 995 672 1063 bat.
700 990 889 1082 Profecto,
917 1015 1001 1060 oum
1028 990 1087 1078 ei,
1115 989 1204 1058 dum
1222 988 1394 1078 vivebat,
1421 989 1556 1057 amicus
1572 997 1714 1056 tantum
1732 985 1883 1056 fuissem
1895 1040 1906 1077 ‚
1932 999 2020 1058 tunc
2036 1001 2204 1082 propter

605 1127 716 1196 animi
743 1126 925 1218 quietem,
965 1147 1035 1218 qua
1074 1134 1242 1193 mortuus
1273 1133 1352 1210 est,
1388 1120 1500 1190 etiam
1522 1119 1727 1188 admirator
1756 1117 1873 1190 factus
1905 1143 1999 1190 sum.
2016 1149 2033 1184 «ι
2086 1120 2206 1190 Post-

605 1283 712 1352 quam
736 1257 894 1350 quatuor
918 1257 1166 1328 hebdomades
1192 1256 1315 1326 morbi
1341 1252 1532 1323 doloribus
1555 1251 1808 1342 laboraverat,
1835 1253 1932 1324 XIV
1964 1253 2201 1346 Septembris

606 1393 664 1466 die
691 1390 971 1462 MDCCCXXI
1001 1392 1072 1466 vita
1097 1367 1253 1460 eir'cessit
1265 1440 1277 1477 ,
1304 1386 1468 1458 nondum
1491 1384 1622 1479 viginti
1647 1395 1804 1480 quatuor
1830 1407 1945 1455 annos
1969 1397 2084 1459 natus.

1224 1662 1552 1680 m

699 1911 903 1981 Kuhlius
935 1912 1079 2004 egregia
1104 1910 1176 1981 fuit
1202 1909 1326 1980 indole
1354 1907 1592 2002 moribusque
1616 1907 1824 2001 praeclaris.
1862 1907 2048 1980 Celeriter
2073 1911 2196 1982 intel„

603 2043 764 2134 ligabat,
794 2045 948 2135 cogitata
971 2043 1206 2115 subtilissime
1238 2043 1506 2137 distinguebat,
1534 2053 1572 2111 et
1595 2039 1669 2111 fida
1693 2041 1842 2112 tenebat
1864 2041 2066 2130 memoria,
2095 2047 2197 2137 quod

601 2178 715 2246 semel
743 2177 935 2246 didicisset.

639 2391 642 2396 Ι
703 2310 823 2399 Quam
881 2309 1010 2399 gravia
1059 2311 1156 2378 bona
1209 2319 1365 2379 naturae
1414 2307 1639 2401 indagaturi!
1704 2282 1922 2414 praesertim
1970 2329 2054 2377 cum
2097 2333 2196 2380 nunc

572 2417 791 2535 ¹discipline.
823 2453 899 2510 tam
937 2451 1087 2510 extensa
1117 2443 1185 2532 sit,
1220 2454 1262 2510 ut
1297 2452 1401 2534 aptus
1437 2443 1700 2510 sententiarum
1727 2441 1820 2510 ordo
1845 2425 1990 2534 fidaque
2014 2435 2196 2510 memoria

598 2598 750 2668 prorsus
784 2597 860 2644 non
892 2573 1016 2644 deesse
1049 2574 1214 2666 possint,
1262 2574 1364 2667 quin,
1383 2573 1549 2666 singulae
1582 2595 1641 2644 res
1675 2573 1860 2642 naturales
1886 2583 2009 2644 mente
2032 2571 2196 2643 confun-

603 2709 749 2776 dantur.
1626 2697 1629 2700 ⁴

649 2837 728 2908 Neo
755 2841 885 2931 minus,
914 2813 1022 2932 qdam
1049 2841 1198 2932 ingenii,
1224 2840 1433 2933 possidebat
1458 2840 1904 2932 eorporisdexteritatem.
1930 2839 2102 2911 Manibus
2117 2843 2192 2910 suis

602 2975 725 3041 omnia
762 2972 886 3041 facere
925 2983 1089 3064 poterat,
1135 2993 1228 3064 quae
1263 2973 1396 3045 vellet:
1443 2973 1658 3041 animalium
1690 2973 1805 3064 pelles
1850 2940 2047 3045 artificiose
2080 2968 2189 3067 prae»

601 3106 770 3199 parabat,
798 3105 1032 3173 membratim
1054 3101 1258 3176 dissecabat
1275 3090 1441 3197 egregie,
1462 3106 1671 3176 delheabat
1687 3116 1761 3176 tam
1777 3118 1948 3176 accurate
1971 3119 2009 3176 et
2023 3105 2190 3199 pulchre,

603 3253 644 3308 ut
669 3242 707 3308 in
731 3238 886 3326 itinere,
914 3239 952 3306 in
978 3237 1103 3309 larum
1129 3237 1284 3307 insulam
1309 3249 1497 3332 suscepto,
1534 3240 1721 3310 interdum
1751 3241 1871 3334 perito
1903 3239 2075 3332 pingendi
2108 3261 2191 3308 ma-

601 3373 735 3464 gistro,
764 3370 981 3470 anatomicos
1006 3393 1065 3439 res
1093 3365 1318 3461 delineanti,
1345 3371 1567 3442 subveniret.
1717 3349 1721 3354 ’

702 3503 773 3572 His
799 3475 882 3573 cum
907 3505 1112 3596 praecipuis
1137 3505 1252 3573 animi
1278 3516 1315 3573 et
1339 3505 1504 3598 corporis
1529 3504 1673 3574 dotibus
1689 3504 1850 3574 Kuhlius
1876 3527 2054 3573 summam
2077 3505 2188 3573 sedn-

602 3637 743 3706 litatem
774 3637 1022 3733 coniungebat.
1058 3637 1215 3729 Quoque
1241 3639 1417 3729 temporis
1442 3647 1628 3707 momento
1651 3661 1737 3706 usus
1764 3648 1837 3728 est,
1863 3613 2021 3729 semper,
2050 3661 2132 3728 cum
2150 3639 2189 3705 iu

602 3769 767 3843 conclavi
781 3770 948 3878 sedebat,
977 3768 1037 3842 vel
1054 3767 1198 3860 legebat
1213 3768 1351 3860 libros,
1379 3768 1440 3840 vel
1458 3791 1515 3839 res
1533 3770 1717 3839 naturales
1742 3770 1911 3862 proprias
1938 3770 2101 3838 museive
2117 3781 2190 3837 tra-

599 3906 744 3995 ctabat3
769 3914 846 3973 tum
874 3925 990 3994 ver0,
1017 3925 1101 3972 cum
1127 3884 1338 3972 ambulabat
1362 3901 1422 3972 rel
1447 3902 1518 3970 iter
1542 3900 1723 3991 faciebat,
1751 3890 1944 3994 colligebat
1968 3912 2007 3969 et
2031 3900 2188 3993 conside-

598 4037 705 4103 rabat
729 4037 922 4122 animalia,
958 4037 1098 4128 plantas
1124 4047 1162 4104 et
1188 4035 1389 4105 mineralia.
1427 4034 1590 4125 Longius
1616 4038 1744 4128 quiete
1766 4007 1868 4124 lrui,
1904 4058 2013 4129 quam
2038 4056 2186 4104 necesse

599 4176 707 4250 esset,
736 4165 837 4234 nefas
859 4164 1242 4274 existimabat3Saepe
1260 4188 1375 4258 usque
1399 4165 1445 4236 ad
1464 4167 1620 4236 mediam
1635 4179 1779 4237 noctem
1799 4138 1928 4237 studiis
1942 4169 2186 4237 incumbebat.

599 4299 751 4367 Etcum
777 4300 824 4386 ei,
854 4299 1071 4384 advenienti,
1101 4299 1309 4389 cubiculum
1324 4311 1544 4368 monstraret
1557 4301 1830 4387 Swinderenus,
1847 4301 2007 4392 primum
2026 4298 2189 4368 omnium

600 4433 880 4524 circumspexit,
909 4455 954 4502 an
973 4431 1054 4500 lieri
1067 4426 1211 4525 posset,
1239 4441 1279 4500 ut
1299 4431 1585 4503 tintinnabulum
1600 4456 1711 4526 super
1734 4433 1854 4501 cubile
1879 4453 1984 4501 suum
2010 4429 2188 4524 affigeret,

601 4565 701 4657 quod
730 4539 1073 4656 vigil'nocturnus,
1119 4563 1250 4632 horam
1284 4575 1450 4657 quartam
1482 4556 1566 4633 cum
1599 4567 1862 4653 annunciaret,
1903 4563 1995 4633 foris
2021 4587 2188 4648 movens,
2301 4652 2303 4665 Ι

577 4721 745 4792 ,quoque
771 4697 831 4766 die
857 4668 976 4788 ipsum
1006 4696 1331 4790 expergefaceret,
1356 4699 1408 4766 ita
1434 4709 1578 4784 tamen,
1606 4709 1648 4765 ut
1672 4697 1833 4766 familiae
1859 4698 2018 4790 quietem
2045 4706 2191 4777 noetur-

597 4853 681 4897 nam
703 4853 777 4899 non
790 4831 970 4900 turbaret.
995 4827 1152 4898 Necesse
1168 4830 1293 4922 itaque
1307 4827 1392 4915 suit,
1420 4831 1561 4920 virum,
1584 4841 1685 4900 tanto
1702 4831 1848 4923 ingenio
1872 4841 1908 4899 et
1924 4840 2024 4898 tanta
2043 4827 2192 4898 assidui-

600 4972 675 5030 tate
716 4964 942 5056 praeditum,
981 4963 1139 5054 egregias
1176 4961 1399 5052 cognitiones
1434 4963 1504 5030 sibi
1526 4983 1668 5053 parare.
1718 4963 1802 5032 Hae
1829 4974 1950 5031 autem
1975 4984 2050 5030 non
2074 4958 2192 5028 solum

510 5141 515 5151 -
600 5095 645 5162 ad
664 5105 817 5164 naturae
837 5095 1029 5166 historiam
1055 5095 1338 5188 pertinuerunt,
1367 5095 1433 5163 sed
1459 5093 1568 5166 etiam
1594 5096 1641 5164 ad
1664 5095 1856 5166 historiam
1880 5093 2086 5187 politicam,
2114 5103 2191 5160 tam
