4692 6142
557 573 661 630 mv

554 793 704 864 diversa
730 782 935 872 inveniens,
962 801 1080 876 prope
1107 798 1228 871 mare,
1256 778 1355 874 quod
1379 779 1609 852 iamdudum
1634 780 1763 852 ridere
1787 783 1950 874 optabat,
1979 783 2156 879 adituque

552 927 642 996 dato
672 923 720 994 ad
745 920 879 996 divites
916 913 1145 990 Hcllrndiae
1182 924 1402 1009 apparatus,
1453 914 1618 1009 quotidie
1653 915 1749 988 vidit
1779 937 1839 984 res
1870 894 2008 1006 noras,
2055 941 2151 1012 quae

549 1055 794 1153 cognoscendi
818 1051 1030 1146 cupidinem
1058 1049 1272 1122 excitarent
1333 1048 1389 1118 Ut
1411 1049 1535 1142 paucis
1561 1046 1766 1137 absolvam,
1796 1050 1945 1119 omnino
1971 1049 2007 1119 si
2041 1050 2150 1122 datae

547 1202 632 1264 sunt
659 1188 888 1276 occasiones,
929 1207 968 1255 se
991 1182 1206 1272 excolendi,
1234 1199 1326 1276 quse
1351 1181 1488 1274 ubique
1505 1178 1586 1252 fare
1604 1180 1858 1252 desiderasset.

647 1323 793 1394 Verum
821 1319 1035 1392 etiamtum
1063 1318 1234 1410 quidem,
1279 1339 1364 1386 cnm
1391 1312 1544 1384 Kuhlius
1569 1314 1644 1384 iam
1669 1312 1855 1404 pollicitus
1880 1325 1975 1405 eret,
2001 1334 2042 1383 te
2064 1323 2151 1384 stu-

551 1460 611 1530 dia
635 1479 702 1528 sua
727 1455 765 1522 in
791 1449 993 1522 Hellandia
1007 1448 1271 1544 perfecturum,
1298 1459 1420 1518 tamen
1445 1449 1507 1516 isti
1532 1446 1684 1518 consilio
1708 1469 1783 1516 non
1800 1465 1915 1538 pauca
1931 1446 2152 1518 obstiterunt

514 1579 519 1585 ”
548 1588 819 1684 impedimenta.
846 1585 953 1674 Quae
967 1605 1052 1654 oum
1067 1583 1445 1669 ·Swinderenus,
1475 1588 1515 1649 ut
1538 1580 1602 1672 qui
1624 1578 1780 1648 maxime
1805 1588 1900 1648 essct
1922 1578 1961 1646 in
1980 1579 2152 1652 iuvenem

545 1743 749 1820 propensus
776 1739 934 1811 cumque
968 1715 1219 1806 Groningensi
1244 1713 1453 1784 litterarum
1493 1713 1723 1787 universitati
1758 1723 1796 1783 ct
1820 1712 1956 1788 honori
1990 1722 2028 1782 et
2067 1712 2151 1783 usui

546 1855 631 1926 fore
658 1866 779 1941 ratus,
813 1849 976 1920 feliciter
1001 1859 1232 1942 superasset,
1259 1870 1346 1918 mox
1372 1845 1534 1918 Kuhlius
1559 1845 1635 1915 fine
1661 1847 1794 1937 mensis
1811 1845 2039 1940 Septembris
2060 1847 2149 1951 anni

422 2046 425 2058 .
552 1983 828 2062 Mocccxvl
853 1983 941 2053 illuc
967 1982 1118 2054 advenit
1143 1991 1254 2075 atque
1280 1981 1366 2051 inde
1391 1981 1437 2052 ab
1461 1981 1534 2050 hcc
1551 1991 1722 2093 tempore
1747 1980 1973 2051 coniunctim
1994 2003 2075 2050 cum
2101 2003 2148 2050 eo

551 2122 678 2193 studiis
705 2119 857 2191 vacavit.
909 2113 1023 2186 Forte
1047 2127 1124 2184 tum
1154 2113 1489 2184 Swinderenus
1514 2115 1703 2205 inceperat
1716 2113 1981 2206 praelectiones
2005 2135 2088 2183 suas
2104 2113 2151 2182 de

548 2251 709 2328 naturae
725 2251 898 2338 historia,
934 2248 1109 2318 uberiore
1135 2247 1280 2316 ratione
1307 2248 1510 2335 institutas,
1539 2269 1628 2340 quas
1653 2259 1802 2340 praeter
1820 2245 2016 2318 lectionem
2041 2269 2145 2340 prac-

548 2390 735 2480 scriptam,
777 2385 875 2454 intra
915 2404 1028 2451 unum
1054 2403 1193 2449 annum
1235 2377 1457 2466 finiendam,
1492 2378 1592 2448 intra
1624 2379 1909 2473 quadriennium
1944 2379 2150 2474 perducere

548 2523 651 2594 solet.
714 2517 876 2588 Kulrlius
918 2516 1029 2609 igitur
1045 2514 1267 2606 adscriptus
1307 2523 1362 2582 est
1400 2512 1611 2582 auditorum
1642 2535 1824 2604 numero,
1865 2513 1986 2607 neque
2020 2524 2147 2584 tamen

551 2651 692 2725 audivit
726 2651 846 2722 solum
879 2658 1181 2744 praeceptorem,
1236 2646 1302 2714 sed
1333 2647 1446 2718 etiam
1482 2648 1634 2726 adiuvit,
1701 2648 1747 2718 Iu
1794 2671 1867 2741 quo
1903 2649 2047 2740 studio,
2101 2647 2149 2717 ad

550 2785 800 2858 mammalium
841 2782 1031 2852 historiam
1070 2788 1276 2871 spectante,
1333 2779 1433 2852 hunc
1466 2802 1536 2874 per
1565 2804 1702 2851 annum
1734 2782 1894 2852 maxime
1926 2782 2005 2852 eius
2037 2801 2148 2874 opera

549 2919 785 3003 versabatur3
823 2913 932 2984 simul
959 2923 1082 2982 autem
1108 2910 1249 2980 audivit
1274 2911 1320 2980 ds
1340 2912 1380 2983 lc
1403 2912 1525 2984 Faille
1550 2925 1597 2983 et
1621 2913 1845 3004 Bakkeri,
1873 2911 2144 3000 Professorum,

547 3049 815 3146 praelectiones
842 3046 887 3115 de
913 3043 1062 3138 physica
1087 3053 1124 3111 et
1149 3045 1355 3130 anatomia,
1389 3046 1643 3140 rationemque
1667 3047 1802 3116 harum
1829 3048 1993 3118 omnium
2019 3070 2147 3119 rerum

551 3179 827 3255 tractandarum
851 3177 921 3246 sibi
949 3174 1060 3266 elegit
1085 3197 1194 3263 eam,
1225 3198 1319 3268 quae
1345 3198 1430 3247 raro
1455 3179 1613 3272 eligitur.
1642 3180 1754 3270 Quod
1779 3179 1912 3250 attinet
1935 3181 1981 3248 ad
2006 3181 2149 3253 Swin·

550 3317 720 3389 dereni
746 3309 1010 3406 praelectiones
1036 3308 1080 3377 de
1107 3308 1325 3379 anirnalibus
1350 3311 1645 3405 qudrupedibus,
1682 3311 1754 3384 hoc
1795 3315 1882 3384 satis
1906 3317 2085 3408 probatur
2104 3315 2149 3384 li·

547 3451 647 3524 bello
673 3449 766 3536 eius,
801 3443 1010 3514 certaminis
1037 3464 1145 3510 causa
1171 3443 1394 3538 conscripto,
1422 3446 1460 3514 in
1478 3465 1550 3537 quo
1576 3445 1786 3516 acutissime
1812 3447 2033 3540 explicavit,
2058 3473 2149 3541 quo-

550 3584 664 3658 modo
698 3581 832 3651 sensim
865 3578 1073 3668 sensimque
1105 3577 1281 3646 transitus
1321 3575 1384 3645 fiat
1415 3577 1454 3646 in
1486 3577 1579 3648 hauc
1613 3579 1776 3650 classem.
1835 3580 1921 3651 Non
1953 3581 2146 3652 miraberis

548 3719 674 3814 itaque
688 3768 699 3806 ,
737 3712 897 3806 palmam
923 3732 1009 3780 cum
1034 3706 1162 3778 tulisse
1189 3731 1342 3779 aureum
1367 3731 1559 3778 nummum
1584 3712 1854 3787 memorialem.

650 3849 747 3922 Ante
774 3868 911 3916 annum
940 3843 1238 3934 MDCCCXVI,
1267 3867 1340 3938 quo
1364 3855 1531 3936 tempore
1558 3844 1787 3937 Groningam
1813 3846 2006 3937 pervenit,
2055 3847 2149 3914 noti-

544 3984 609 4072 tia,
632 3989 741 4074 quani
758 3982 797 4048 in
820 3979 988 4068 anologio
1003 3980 1073 4048 sibi
1089 3989 1299 4071 paraverat,
1329 3978 1520 4070 complexa
1537 3990 1592 4047 est
1607 3979 1777 4071 indigena
1794 3990 1934 4046 tantum
1956 3977 2160 4066 emmelim,

545 4112 743 4208 peregrina
767 4110 917 4180 omnino
942 4131 1056 4204 pauca
1082 4109 1234 4180 viderat
1269 4109 1468 4199 Quocirca,
1518 4113 1752 4204 quantumvis
1777 4122 1947 4180 accurate
1978 4111 2150 4201 indigena

549 4265 752 4337 corumque
770 4243 919 4318 vivendi
932 4265 1045 4335 genus
1065 4254 1233 4329 noverat,
1259 4251 1382 4312 tamen
1394 4243 1601 4335 generalem
1617 4246 1797 4339 quendam
1814 4257 1923 4337 atque
1935 4243 2150 4335 dispositum

545 4377 786 4448 desiderabat
808 4386 1056 4470 prospectum,
1084 4376 1164 4444 sinc
1190 4398 1264 4468 quo
1275 4375 1489 4468 disciplinae
1508 4380 1679 4448 tractatio
1698 4398 1846 4470 semper
1863 4378 1993 4446 ordine
2015 4375 2150 4467 egebit.

546 4511 716 4582 Primum
745 4509 910 4581 omnium
925 4507 1038 4602 igitur
1050 4508 1139 4600 legit
1164 4507 1357 4602 illigari
1386 4510 1665 4582 »Prodromum
1679 4542 1713 4599 s,
1744 4535 1854 4605 quem
1873 4524 2045 4605 tanquam
2059 4530 2148 4578 nor·

544 4666 667 4734 mam,
695 4665 780 4712 curn
793 4641 840 4712 de
860 4642 1076 4712 animalibus
1095 4641 1391 4735 quadrupedibus
1416 4655 1455 4714 et
1478 4641 1608 4715 eribus
1628 4643 1804 4712 lectiones
1824 4645 1951 4732 habet,
1978 4641 2151 4735 sequitur

547 4778 829 4850 Swinderen
844 4799 905 4846 us.
957 4775 1031 4844 Sed
1054 4776 1107 4842 ite
1131 4773 1234 4868 legit,
1260 4787 1304 4845 ut
1321 4798 1618 4872 unamquamque
1643 4776 1925 4872 descriptionem
1950 4773 2149 4866 diligenter

548 4933 634 4981 cum
658 4931 700 4980 rs
726 4913 805 5006 ipsa
831 4911 871 4982 iu
897 4929 1026 4980 museo
1051 4904 1251 4980 conferret.
