4692 6142
656 1337 1076 1446 '‘Character
1143 1353 1487 1440 familiae.

394 1546 560 1635 Calin
587 1543 772 1646 inferus,
806 1535 1135 1652 monophyllns,
1165 1557 1192 1621 '2
1211 1539 1394 1643 -lpvel
1423 1539 1446 1622 5
1476 1535 1610 1654 lidus,
1639 1541 1884 1654 persistens.

392 1687 638 1776 Corolla
684 1685 755 1771 vel
807 1678 1283 1797 pseudomonopetala,
1339 1681 1494 1795 petalis
1536 1680 1630 1765 basi
1672 1687 1887 1790 connatis,

277 1829 682 1946 velpentapetala,
724 1821 998 1942 inaequalis,
1029 1819 1326 1907 subbilabiata
1357 1823 1427 1908 vel
1454 1821 1690 1939 aequalis,
1710 1828 1891 1916 aestiva-

277 1972 399 2057 tione
433 1968 679 2053 imbricata.

256 2170 265 2181 ·
392 2111 586 2198 Stamina
633 2107 851 2225 epipetala
896 2106 1161 2222 plerumque
1201 2105 1248 2188 in
1289 2103 1777 2223 pseudomonopetalis,
1819 2111 1891 2198 vel

274 2253 583 2373 epithalamica
626 2252 744 2337 infra
783 2251 954 2335 discum
986 2249 1270 2364 hypogynum
1312 2251 1501 2352 inserta,
1554 2282 1741 2338 numero
1783 2239 1892 2340 dell·

279 2400 373 2486 nito
411 2395 703 2510 utplurimum
737 2385 998 2476 laciniarum
1035 2393 1229 2480 corollae
1261 2393 1330 2480 vel
1361 2396 1637 2508 petalorum,
1688 2395 1894 2482 distincta

278 2538 349 2625 vel
380 2559 599 2641 connata,
642 2535 893 2650 saepissime
933 2567 985 2618 ex
1016 2556 1139 2647 parte
1180 2533 1405 2637 abortiva,
1452 2531 1730 2646 longitudine
1776 2536 1895 2621 inae-

279 2678 442 2802 qualia.
504 2675 795 2761 Antherae
839 2699 1036 2781 erectae,
1078 2707 1180 2761 raro
1211 2675 1547 2782 incumbentes,
1599 2677 1795 2763 lineari·
1817 2680 1894 2765 ob-

282 2822 468 2933 longae,
537 2816 835 2923 biloculares,
891 2818 1134 2903 introrsum
1190 2817 1262 2904 vel
1317 2818 1454 2904 latere
1512 2818 1893 2931 longitudinaliter

281 2984 470 3078 apertae.
545 2959 747 3046 Pollen
793 2960 1056 3072 globosum,
1098 2958 1418 3063 mamillarum,
1471 2960 1747 3076 papillatum.

399 3101 675 3188 Ovarium
697 3104 907 3208 unicum,
938 3125 1283 3225 pentacoccurn,
1317 3104 1364 3188 iu
1385 3102 1507 3189 disco
1534 3104 1707 3217 integro
1740 3134 1900 3219 repan-

139 3351 145 3360 .
280 3241 422 3345 dove,
457 3246 597 3330 rarius
623 3245 829 3331 distincta
860 3249 1075 3365 quinque.

399 3386 587 3500 Stylus
629 3389 843 3505 simplex,
892 3387 1144 3493 filiformiS,
1181 3410 1381 3495 erectus3
1421 3417 1522 3473 raro
1548 3391 1648 3502 styli
1677 3390 1892 3510 quinque.

280 3530 491 3643 Stigma
529 3531 798 3646 capitatum,
845 3565 971 3648 saepe
1012 3531 1224 3618 lobatum.
1297 3529 1481 3616 Cocca
1509 3533 1538 3628 5
1564 3533 1833 3647 capsularia,
1871 3565 1894 3617 e

284 3679 511 3759 communi
543 3675 823 3788 receptaculo
855 3675 1156 3790 divergentia,
1186 3675 1354 3790 pariete
1383 3675 1558 3760 interno
1590 3699 1743 3790 sponte
1776 3677 1893 3760 solu·

282 3807 364 3896 bili
383 3811 594 3918 'elastico,
628 3814 871 3902 introrsum
903 3815 1171 3904 verticaliter
1202 3813 1507 3922 dehiscentia,
1548 3816 1768 3918 bivalvia,
1801 3818 1891 3903 val·

283 3951 398 4037 vulis
443 3950 624 4063 bifidis,
675 3988 782 4042 1·2
815 4008 834 4025 -
864 3960 935 4045 vel
974 3960 1292 4074 oligosperma,
1355 3959 1598 4046 seminibus
1650 3960 1697 4046 in
1758 3989 1890 4046 cocco

282 4089 428 4198 binis,
469 4096 542 4182 vix
582 4125 780 4210 unquam
821 4099 1023 4214 pluribus
1058 4100 1394 4187 maturantibus.
1446 4100 1905 4216 Receptaculum'

280 4236 557 4324 seminum
600 4242 980 4357 squamaesorme,
1029 4245 1298 4362 plerumque
1324 4267 1495 4358 partem
1527 4277 1683 4331 eorum
1716 4269 1886 4334 ventra-

282 4373 372 4461 lem
404 4378 681 4493 amplectens.
851 4370 854 4375 ⁵
1687 4488 1690 4494 ,

404 4517 644 4606 Semina
689 4523 914 4612 albumine
947 4555 1115 4636 crasse,
1164 4528 1406 4642 emhryone
1439 4530 1637 4634 inverso,
1689 4530 1888 4616 radicula

281 4687 440 4772 supera
466 4660 512 4744 in
545 4663 771 4753 rostellum
797 4667 1092 4785 ceutripetum
1118 4694 1340 4784 porrecta,
1375 4670 1715 4784 cotyledonibus
1742 4671 1886 4792 planis
1986 4729 1989 4738 ·

287 4801 358 4886 vel
389 4805 647 4918 corrugatis.
721 4870 726 4881 .
1347 4811 1352 4826 '
1880 4907 1881 4912 g

404 4943 597 5032 Arbores
628 4948 698 5034 vel
730 4947 891 5038 herbae
925 4954 1207 5068 exstipulatae
1223 5018 1237 5060 ,
1284 4955 1404 5041 foliis
1430 4955 1586 5070 sparsis
1612 4953 1885 5069 simplicibus

284 5082 354 5169 vel
377 5091 517 5175 rarius
538 5093 718 5179 ternatis
741 5094 914 5183 insertis
938 5095 1198 5212 glanduloso
1215 5099 1461 5216 ·pnnctatis
1474 5161 1488 5205 ,
1521 5128 1676 5214 parum
1698 5095 1881 5204 odorae,
