4692 6142
773 577 1274 660 Fraaetincllae.
1745 574 1816 669 ¹⁵³
1945 613 1959 624 -

331 787 613 906 Capsulae
639 785 862 904 quinque,
893 781 965 867 vel
993 776 1150 865 abortu
1176 803 1303 888 saepe
1329 769 1581 888 pauciores,
1620 794 1819 884 aggregas·

215 957 313 1035 tae,
345 956 529 1030 ovatae,
555 953 842 1040 compressae,
881 917 1183 1036 trapezoidaae
1215 917 1285 1002 vel
1316 913 1703 1014 conchaeformes,
1744 914 1816 999 in·
1885 989 1893 998 .

221 1097 412 1159 trorsum
452 1065 878 1186 perpendiculariter
915 1061 1137 1172 bivalves,
1168 1089 1500 1174 monospermae
1517 1119 1530 1162 ,
1565 1055 1816 1166 coriaceae3

215 1215 380 1297 cortice
409 1213 627 1296 exteriore
667 1203 850 1309 scabr03
889 1199 1053 1286 lamina
1087 1202 1290 1289 interiori
1333 1200 1521 1316 parietes
1551 1199 1818 1314 incomplete

211 1351 457 1438 obducente
488 1373 760 1460 ‚pergamena
799 1341 962 1427 bivalvi
1000 1371 1149 1428 semen
1190 1343 1505 1458 amplectente,
1543 1339 1721 1429 taudem
1753 1374 1820 1427 so·

214 1492 305 1579 luta
350 1514 394 1574 ct
418 1488 619 1588 clastice,
650 1488 694 1570 in
729 1484 922 1572 valvulas
963 1481 1070 1568 duas
1120 1479 1314 1590 discissa,
1354 1485 1607 1598 prosiliente
1651 1514 1819 1570 semen·
1913 1529 1920 1546 ·
1993 1479 1996 1486 ’

209 1664 299 1751 que
330 1630 589 1717 eiaculante.

331 1801 774 1918 Receptaculum
803 1799 1036 1884 seminis
1068 1829 1090 1883 e
1123 1795 1404 1912 receptaculo
1431 1796 1598 1883 fructus
1621 1825 1818 1882 commu·

215 1954 262 2035 ni
292 1974 335 2036 et
361 1948 638 2063 valvularum
664 1945 858 2057 margine
887 1941 1152 2044 formatum,
1194 1936 1566 2056 squameeforme,
1599 1939 1815 2024 membra-

218 2123 433 2196 naceum,
478 2117 723 2176 concavum
761 2111 804 2172 et
832 2117 980 2172 semen
1024 2106 1201 2198 aparte
1230 2079 1443 2184 centrali,
1480 2080 1557 2166 ubi
1598 2083 1822 2196 parietalia

117 2334 121 2343 ,
213 2236 467 2323 membrana
503 2229 890 2330 intercadesinit,
922 2227 1206 2342 amplectens.
1726 2245 1728 2250 ’

332 2407 519 2496 Semen
580 2403 974 2518 compressiusculo
991 2448 1010 2464 -
1031 2423 1227 2506 ovatum,
1248 2396 1622 2502 subrostellatum,
1648 2428 1818 2514 ,uppem

152 2606 156 2615 ·
211 2583 332 2658 sum,
371 2547 586 2636 umbilico
621 2547 821 2651 laterali,
863 2570 973 2631 testa
997 2543 1158 2656 fragili.
1219 2539 1260 2625 N
1274 2538 1473 2624 uolens
1516 2540 1671 2623 semini
1713 2572 1815 2627 con-

210 2692 398 2799 formis,
431 2688 713 2774 albumine
746 2687 1000 2774 tenuissimo
1029 2683 1157 2791 albo;
1205 2667 1504 2794 embryono
1542 2679 1814 2796 dicotyledo·

214 2866 298 2920 neo
326 2832 532 2937 inverso,
564 2827 764 2914 radicula
799 2857 959 2942 supera
985 2825 1155 2911 laterali
1191 2823 1429 2928 rostellata,
1464 2803 1815 2936 cotyledoni-

212 2973 313 3093 bus
354 2971 524 3088 plicatis
551 2969 745 3056 carnosis
784 2967 869 3054 sibi
902 2965 1287 3074 incumbentibus,
1308 2948 1314 2956 ¹
1338 2965 1599 3082 plumula
1625 3001 1729 3074 non,
1746 3001 1816 3056 ex·

212 3111 388 3229 plicata.
890 3123 895 3131 ’

333 3283 561 3374 Obsers.
624 3285 693 3374 Cl.
744 3288 929 3373 Milan
975 3285 1024 3406 (l.
1071 3280 1128 3404 c.)
1165 3287 1494 3422 receptaculum
1525 3292 1812 3408 semiuispro

213 3431 345 3520 acillo
363 3431 566 3517 interiori
584 3430 846 3518 umbilicum
867 3455 1064 3544 tegente,
1098 3432 1308 3516 laminam
1319 3429 1576 3543 parietalem
1595 3435 1813 3523 internam
1847 3501 1849 3508 ·

213 3605 296 3689 pro
322 3572 706 3660 arillo'e'xteriore
733 3575 900 3688 posuit,
934 3559 1067 3693 'quod
1092 3575 1129 3663 si
1162 3579 1221 3658 ita
1248 3593 1388 3676 esset,
1437 3573 1651 3660 fabricem
1706 3578 1812 3666 haec
1861 3595 1865 3606 “
1917 3583 1920 3598 ’

214 3718 391 3800 seminis
423 3715 550 3801 valde
582 3715 800 3801 diversam
833 3710 888 3800 ab
929 3716 1127 3799 affinium
1159 3743 1264 3828 prae
1306 3737 1354 3798 ae
1385 3712 1537 3800 ferret.
1598 3713 1677 3803 Est
1707 3731 1825 3807 vero·

218 3856 310 3941 eius
337 3859 488 3943 arillus
516 3857 702 3942 interior
733 3859 894 3943 rectius
916 3853 1244 3971 receptaculum
1268 3853 1445 3940 seminis
1471 3859 1789 3972 nuncupandus
1801 3835 1820 3970 ς’

219 4026 371 4082 revera
404 4000 522 4083 enim
562 4022 746 4084 nonest
782 3998 1123 4113 trophospermii
1153 4027 1253 4112 pars
1300 4022 1509 4113 expansa,
1554 3997 1632 4085 sed
1668 4005 1814 4116 potius

218 4166 441 4248 organon,
481 4137 599 4224 baud
637 4133 795 4226 semini
824 4138 903 4226 sed
933 4139 1097 4226 fructui
1133 4142 1379 4254 proprium.
1429 4138 1540 4224 'Hoc‘
1580 4146 1814 4258 praecipue

222 4277 436 4393 probatur
467 4304 686 4367 structura
714 4281 980 4398 receptaculi
1026 4283 1245 4366 seminum
1267 4284 1323 4389 iu
1352 4307 1511 4395 genere
1555 4311 1670 4372 novo
1705 4287 1815 4374 iusc-

219 4442 405 4536 quente,
442 4421 570 4508 nobis
601 4408 947 4540 Erythrochiiou
974 4423 1118 4527 dicto,
1158 4421 1282 4540 quod
1313 4453 1394 4538 pro
1427 4424 1611 4536 geminis
1636 4431 1826 4514 semini-—

219 4558 302 4642 bus
334 4589 472 4643 unum
503 4562 782 4654 solummodo
813 4564 1142 4680 receptaculum
1183 4564 1294 4680 gerit
1335 4567 1381 4650 in
1428 4568 1581 4684 quavis
1617 4571 1809 4684 capsula,

226 4703 323 4812 pari
352 4701 513 4807 modo,
546 4730 596 4788 ac
626 4704 882 4794 Dictamnus
909 4706 1054 4795 adhuc
1080 4709 1220 4826 plura.
1262 4707 1499 4795 Mikanii
1527 4735 1633 4798 vero
1660 4714 1812 4800 arillus

220 4844 410 4927 exterior
438 4874 462 4929 a
486 4868 703 4932 structura
729 4848 915 4938 laminae
941 4853 1182 4969 parietalis,
1212 4853 1257 4938 in
1283 4854 1487 4970 plurimis
1519 4853 1616 4939 aliis
1644 4860 1812 4968 generi·

219 4977 302 5064 bus
334 4979 485 5109 obvia,
517 5015 579 5072 eo·
597 4987 876 5075 solummodo
907 4990 1084 5099 differt,
1118 4994 1243 5116 quod
1273 4995 1542 5113 incompleta
1567 4997 1623 5084 eit
1649 5019 1693 5086 et
1717 5003 1814 5116 perf
