4692 6142
568 604 640 679 190
723 599 767 672 Ο.
793 599 843 699 G²
867 595 979 670 Nsss
1004 595 1052 667 ab
1076 591 1292 666 Eenanmcx
1315 601 1355 666 et
1379 589 1422 662 0.
1450 589 1736 684 detinemus,
1765 591 2099 671 Fraxtnellae.

659 799 695 871 d.
747 799 877 870 Partes
895 791 1206 868 ”fructificationis
1230 790 1302 862 situ
1327 791 1486 863 naturali
1511 803 1548 862 at
1578 790 1828 884 magnitudine
1853 804 1968 869 aucta.

611 923 644 977 e.
658 899 698 994 f.
747 899 924 986 Stamitra
948 895 1108 965 altarum
1131 891 1428 984 eutherigerum,
1455 892 1614 962 alterum
1639 891 1896 985 anantharum,
1924 903 2018 965 auct.
2045 915 2180 988 magn.

656 994 717 1092 g?
747 997 948 1085 Pistillum,
977 993 1090 1065 celica
1116 992 1326 1080 obtectum,
1354 990 1603 1084 magnitudine
1628 1002 1760 1082 arnna.¹

575 1174 582 1190 ,
659 1097 711 1171 la·
748 1084 876 1187 ldem,
909 1091 1135 1166 denudatum
1161 1101 1200 1161 et
1223 1089 1472 1182 magnitudine
1498 1101 1602 1160 aucte
1627 1090 1861 1164 delineatum.

669 1197 693 1266 i.
750 1196 872 1286 Idam,
899 1194 939 1264 in
963 1202 1088 1288 partes
1112 1213 1196 1262 suas
1221 1188 1381 1261 solutum
1405 1198 1444 1261 et
1466 1188 1600 1262 fortius
1624 1200 1783 1262 auctum.

767 1319 862 1392 Tab.
888 1317 1018 1391 XXV.

328 1396 339 1425 ⁸
461 1489 465 1494 .
610 1418 844 1512 Diglottis
871 1419 1077 1492 oborats
1099 1413 1148 1486 N.
1175 1425 1215 1489 et
1238 1373 1294 1486 Μ.
1350 1413 1490 1485 Ramns
1516 1414 1764 1508 magnitudine
1788 1413 1961 1488 naturali.

659 1518 832 1595 Adnot.
883 1518 1036 1589 Florem
1057 1515 1171 1586 habes
1195 1515 1236 1586 in'
1266 1515 1342 1586 tab.
1368 1511 1479 1586 XIX.
1504 1511 1563 1607 fig.
1590 1513 1635 1590 F.
1758 1507 1764 1523 ¹

484 1729 492 1742 ”
606 1637 1204 1812 Lasioilliebmiiriiniilvestre
1228 1733 1276 1808 N.
1303 1745 1340 1808 et
1367 1735 1422 1806 Μ.
1471 1669 1611 1809 liumus
1635 1739 1884 1834 magnitudine
1907 1739 2081 1814 naturali.

656 1861 694 1907 a.
745 1837 834 1909 Flos
858 1835 1108 1930 magnitudine
1131 1834 1304 1911 naturali.

603 2001 607 2006 .
650 1937 813 2009 Adnot.
862 1937 1015 2008 Florem
1052 1933 1250 2008 dissectum
1274 1944 1313 2005 et
1342 1943 1490 2006 auctum
1514 1935 1554 2006 in
1587 1938 1659 2010 tab.
1693 1937 1803 2011 XIX.
1826 1937 1885 2035 lig.
1911 1939 1958 2012 G.
1984 1940 2167 2018 invenies.

758 2061 856 2132 Tab.
886 2059 1058 2132 XXVII.

600 2159 768 2231 Aruba
791 2158 1020 2230 caerulea
1042 2156 1092 2229 N.
1118 2167 1157 2229 at
1182 2155 1235 2228 Μ.
1286 2159 1425 2230 Remus
1449 2160 1700 2252 magnitudine
1732 2159 1901 2236 naturali.

653 2281 691 2327 a.
742 2257 922 2329 Remulus
946 2259 1083 2329 racemi
1108 2280 1193 2327 cnm
1218 2254 1333 2348 flore,
1366 2259 1618 2352 magnitudine
1642 2261 1812 2334 naturali.

652 2355 689 2428 b.
738 2356 911 2428 Petalum
936 2357 1188 2452 magnitudine
1212 2358 1380 2427 naturali.
1602 2358 1609 2369 '

651 2481 686 2528 c.
737 2458 901 2529 Stamina
924 2456 998 2527 situ
1022 2467 1061 2526 et
1085 2455 1336 2548 magnitudine
1360 2458 1532 2530 naturali.

651 2556 689 2626 d.
739 2556 902 2647 Eadem,
930 2555 1127 2650 separatim
1151 2554 1265 2648 picta.

651 2678 683 2724 e.
735 2656 844 2726 calm
867 2677 952 2727 cum
976 2653 1113 2748 pistillo
1138 2655 1388 2748 magnitudine
1412 2657 1582 2730 naturali.

646 2754 686 2848 f.
737 2754 865 2845 Idem,
890 2755 1035 2826 modice
1060 2764 1197 2825 auctus.
1545 2822 1548 2828 .

644 2877 684 2948 g.
726 2854 917 2944 German,
943 2853 1182 2928 transversim
1206 2852 1402 2927 dissecnm
1427 2865 1466 2926 et
1496 2867 1656 2932 auctum.

602 2978 610 2992 ¹
754 2975 851 3049 Ταῦ.
877 2973 1064 3045 XXVIII.
1721 3035 1724 3040 .

603 3072 782 3146 Araba
806 3073 912 3144 elba
934 3071 982 3142 N.
1009 3084 1047 3144 et
1071 3071 1125 3142 Μ.
1174 3070 1315 3144 Remus
1340 3081 1591 3171 magnitudine
1613 3085 1786 3164 naturali.

648 3197 685 3243 a.
735 3173 823 3244 Flos
848 3170 1008 3242 naturali
1030 3171 1165 3265 specie,
1191 3182 1231 3242 et
1254 3173 1353 3245 idem
1376 3179 1415 3252 vi
1450 3183 1565 3276 magis
1590 3183 1781 3278 evolutus,
1809 3191 1956 3284 magnit.
1982 3195 2158 3266 naturali.

653 3269 686 3342 b.
738 3271 846 3342 Calin
886 3269 1048 3340 neutrali
1073 3271 1337 3361 magnitudino.

653 3393 685 3440 e.
733 3371 920 3460 Petalum‚
948 3379 1158 3463 separatum
1184 3381 1222 3438 et
1246 3375 1496 3479 magnitudine
1521 3390 1628 3452 aucte
1651 3381 1888 3464 delineatum.

647 3469 684 3538 d.
734 3469 946 3540 Filemcnta·
962 3470 1034 3539 situ
1060 3480 1099 3539 et
1123 3471 1372 3560 magnitudine
1396 3479 1565 3550 naturali.

647 3593 680 3638 e.
731 3568 897 3638 Stemma
918 3569 1064 3661 integra
1076 3618 1087 3657 ‚
1122 3579 1230 3653 aucte
1253 3574 1515 3664 magnitudine.

644 3667 683 3760 j.
713 3665 959 3762 ''Filamenta‚
992 3668 1153 3737 seorsim
1177 3667 1360 3741 delineata
1385 3685 1424 3743 et
1457 3689 1573 3746 aucte.
1866 3735 1869 3740 -

566 3769 572 3776 ’
642 3789 683 3857 g.
709 3764 922 3837 ·Pistillum
947 3790 1032 3836 cum
1057 3764 1147 3836 disci
1172 3769 1306 3860 cyatho
1329 3770 1474 3864 integro
1500 3776 1752 3868 magnitudine
1775 3787 1946 3858 naturali.

613 3865 684 3958 sd.
734 3865 861 3955 Idem,
898 3865 1049 3937 discisso
1075 3865 1208 3960 cyatho
1233 3866 1485 3965 denudatum,
1527 3878 1777 3968 magnitudine
1801 3885 2000 3958 naturalis<

661 3964 687 4038 i.
738 3963 926 4056 German,
964 3966 1206 4040 transversim
1231 3965 1451 4063 dissectum,
1487 3985 1595 4046 aucta
1618 3979 1881 4072 mogundina.
1978 3967 1998 3983 ⁸

491 4269 497 4278 α
595 4087 1061 4260 ArubsTaabcuisiriiiiiila
1084 4188 1134 4260 N.
1161 4201 1200 4261 et
1224 4190 1278 4261 M.
1327 4189 1465 4264 Remus
1491 4199 1933 4289 magnitudinenaturatt.
1985 4237 1994 4256 ·

655 4281 827 4355 Adnot.
854 4286 977 4357 Floria
992 4298 1030 4357 et
1053 4287 1197 4360 fructus
1220 4303 1441 4366 structuram
1466 4298 1608 4388 penitus
1622 4289 1786 4393 ‘explieat
1800 4306 1872 4375 tab.
1903 4305 2010 4378 XIX.
2024 4307 2083 4404 tig.
2101 4309 2157 4384 H.

758 4406 856 4482 Teb.
881 4405 1011 4476 XXX.
1075 4425 1086 4444 ·

595 4502 882 4601 Pilocarpus
907 4504 1205 4598 parviflorus
1230 4509 1279 4587 N.
1306 4525 1343 4584 et
1367 4513 1421 4584 M.
1472 4513 1611 4589 Remus
1635 4523 1885 4618 magnitudine
1909 4533 2082 4612 naturali,

639 4627 677 4675 a.
727 4605 815 4676 Flos
837 4605 1089 4699 magnitudine
1114 4611 1273 4681 naturali
1297 4623 1335 4683 at
1358 4626 1477 4684 aucta.

640 4703 802 4872 Adnot.
852 4706 1003 4777 Floram
1027 4719 1067 4778 et
1088 4707 1252 4783 fructum
1271 4713 1495 4816 ‚explicatum
1521 4717 1623 4792 vides
1647 4724 1722 4800 tab.
1749 4723 1858 4798 XIX.
1883 4726 1943 4822 fig.
1961 4719 1999 4800 Ἰ.

761 4826 855 4898 Teb.
880 4827 1029 4900 XXXI.
1606 4847 1609 4852 '
1997 4854 2005 4869 ‘

540 4967 552 4986 .
586 4923 916 5017 Terpnenthes
938 4927 1289 5042 jasminodorus
1313 4929 1363 5007 N.
1386 4946 1424 5007 et
1449 4936 1503 5010 M.
1551 4939 1691 5016 Ramus
1715 4971 1833 5043 niagn.
1858 4872 2059 5024 naturali.lg

638 5021 800 5096 Adnot.
823 5025 1162 5104 Fruculicationem
1187 5043 1331 5104 auctam
1356 5048 1394 5106 et
1419 5037 1637 5132 explicatam
1662 5047 1786 5122 reddit
1802 5049 2067 5148 teb.XlX.'lig.
2077 5051 2127 5123 K.

1180 5177 1525 5208 Ἣ.-
