4692 6142
1697 693 1773 749 m

180 899 300 993 potius
321 896 537 991 biologiam,
563 914 639 967 nou
663 895 878 990 neglexerit.
905 897 1085 988 Quamvis
1107 901 1274 972 'studium
1298 901 1546 997 physiologiae
1571 907 1660 998 prae
1685 932 1773 980 oee-

137 1079 139 1087 s
181 1032 270 1101 teris
290 1031 325 1102 ei
342 1053 467 1101 cerum
489 1039 602 1121 esset,
630 1039 753 1100 tamen
778 1031 908 1104 vitium
933 1029 1047 1126 sugit,
1076 1035 1114 1105 in
1140 1036 1239 1130 quod
1264 1036 1373 1108 multi
1397 1037 1469 1108 iam
1496 1046 1651 1111 naturae
1674 1041 1778 1112 inds-

179 1167 324 1254 gstores
367 1161 574 1232 inciderunt
582 1191 593 1253 3
636 1160 775 1232 scilicet
812 1163 874 1257 qui
899 1178 1051 1260 propter
1077 1191 1261 1241 summum
1289 1169 1502 1264 disciplinae
1526 1195 1614 1242 suae
1649 1172 1775 1266 finem,

183 1296 355 1391 quentin
381 1295 612 1388 generalibus
637 1306 791 1365 naturae
817 1273 955 1388 legibus
981 1301 1243 1373 constituendis
1268 1314 1444 1397 ponunt‚.
1470 1303 1690 1376 inferiorum
1722 1307 1778 1378 di-

180 1428 412 1522 sciplinarum
429 1428 564 1497 auxilia
577 1439 831 1519 contemnunt3
848 1430 948 1526 unde
968 1419 1384 1530 necessario'sequitur,'
1399 1459 1461 1505 eos
1474 1460 1618 1507 summo
1633 1461 1779 1534 quoque
1801 1471 1804 1477 ¹

183 1565 253 1632 isto
278 1561 351 1632 lius
376 1583 561 1656 nunquam
587 1563 713 1655 potiri.
765 1561 837 1634 Sed
862 1563 992 1634 melius
1016 1565 1105 1636 lecit
1129 1567 1314 1658 Kuhlius,
1342 1591 1459 1662 aeque
1484 1594 1567 1640 cum
1590 1571 1778 1664 diligentis
1814 1559 1819 1566 ¹

179 1694 327 1788 utrique
340 1694 613 1788 disciplinarum
638 1695 765 1786 generi
790 1694 1025 1788 incumbens,
1054 1721 1170 1792 eaque
1195 1700 1236 1770 in
1261 1722 1304 1770 re
1329 1700 1427 1771 solus
1453 1725 1536 1772 cum
1563 1666 1785 1775 Pallasio

179 1839 235 1898 est
261 1829 539 1920 comparandus.
1553 1813 1565 1832 ⁹

281 1960 648 2049 'ursimannus
676 1908 1016 2053 Heidelbergensis‚
1043 1963 1139 2055 apuu
1166 1985 1276 2057 quem
1303 1923 1630 2035 monstrassem
1647 1965 1778 2036 susis,

173 2105 282 2165 certo
316 2095 513 2163 auctoritas
546 2105 625 2183 est,
666 2118 748 2164 cunr
774 2093 975 2184 Kuhlium,
1013 2095 1174 2166 Parisios
1215 2095 1494 2188 proiecturum,
1532 2098 1775 2191 convenisset,

182 2225 343 2296 »nullum
357 2249 517 2318 uuquam
529 2237 681 2296 naturae
695 2235 950 2320 scrutatorem,
964 2229 1075 2320 magis
1095 2228 1297 2328 eruditum,
1317 2230 1389 2299 iter
1404 2231 1625 2322 suscepisses
1642 2232 1778 2301 statuit
1835 2317 1838 2324 Ι

289 2360 471 2431 »Litteras
484 2413 495 2452 ,
517 2360 665 2431 Kohlio
692 2373 841 2432 mortuo
855 2411 866 2450 ‚
895 2363 1051 2430 alterum
1064 2359 1097 2430 L
1110 2363 1151 2430 in
1161 2384 1323 2431 naeum
1347 2359 1508 2430 amisisse
1519 2390 1555 2451 ,o
1585 2363 1629 2432 cl.
1643 2362 1684 2439 ,Τ
1694 2386 1714 2432 e
1726 2389 1779 2433 m·

177 2493 365 2564 miuckii
390 2497 569 2564 sententia
596 2506 671 2584 cst,
700 2495 737 2564 in
765 2493 918 2587 epistola
944 2493 991 2560 ad
1017 2495 1173 2562 amicum
1202 2495 1386 2585 quendum
1412 2491 1610 2562 declarate.
1777 2471 1791 2490 ”

276 2627 350 2696 Sed
382 2651 502 2719 neque
535 2629 571 2696 in
597 2627 654 2696 his
681 2629 803 2696 omnis
829 2626 962 2695 Kuhlii
991 2625 1121 2693 merito
1146 2621 1349 2710 finiuntur,
1393 2626 1459 2694 sed
1484 2625 1605 2718 potius
1630 2625 1775 2716 princi·
1851 2723 1855 2730 Α

176 2760 278 2851 pium
305 2759 375 2827 hoo
400 2759 472 2828 suit
497 2781 538 2826 uc
564 2759 846 2830 fundamentum
873 2755 1024 2830 maioris
1048 2755 1316 2849 praestantia05
1353 2780 1511 2853 nemque
1545 2756 1621 2828 non
1646 2756 1772 2847 modo,

178 2911 273 2982 quse
299 2888 360 2956 ulii
385 2887 571 2978 fecerant,
599 2900 775 2982 noverat,
803 2891 867 2958 sed
892 2887 1047 2962 multum
1074 2890 1206 2982 etism,
1235 2914 1343 2983 quam
1368 2891 1432 2961 diu
1457 2892 1565 2982 uixit,
1592 2891 1640 2961 ed
1666 2914 1773 2962 cxco-

171 3020 318 3091 lendum
344 3019 570 3114 disciplinam
594 3022 672 3115 ipse
697 3019 860 3091 contulit.

278 3152 380 3242 Quid
406 3155 452 3222 de
478 3153 542 3224 An
554 3156 886 3225 notationibus
912 3157 989 3226 eius
998 3205 1010 3245 ,
1038 3156 1199 3226 nondum
1228 3146 1355 3246 editis,
1385 3151 1575 3226 dicemus?
1601 3155 1702 3247 Quid
1729 3156 1774 3225 de

175 3287 337 3358 Fauna
362 3285 842 3360 Novae-Hollandiae
868 3300 912 3358 et
938 3287 1105 3357 ludius
1133 3287 1412 3376 orientalis,
1440 3298 1505 3357 aut
1528 3286 1576 3356 de
1600 3285 1774 3358 Mono-

175 3423 373 3515 graphia
398 3417 681 3491 Falconum?
716 3421 816 3512 Quid
854 3422 899 3492 de
935 3423 1125 3509 omnibus,
1164 3444 1255 3514 quse
1291 3422 1330 3490 in
1355 3421 1443 3493 lave
1470 3419 1590 3490 insula
1614 3420 1770 3508 invenit,

179 3577 273 3647 quse
307 3565 450 3639 nutem,
493 3554 663 3646 quoniam
689 3555 783 3646 typis
810 3553 972 3623 nondum
1003 3575 1174 3646 expressa
1199 3565 1304 3643 sunt,
1341 3523 1672 3623 etiam'diiudicori
1693 3571 1773 3652 ,non

174 3683 356 3779 possunt?
381 3685 466 3756 Hoc
491 3685 574 3756 loco
601 3709 643 3755 ea
668 3687 779 3756 modo
806 3687 1173 3782 comprehendamus,
1202 3710 1295 3781 quae
1320 3685 1510 3781 per-edite
1535 3687 1612 3756 eius
1637 3683 1788 3800 scripte,

174 3820 388 3913 disciplinae
413 3821 605 3890 commoda
633 3832 669 3890 et
695 3831 896 3911 augmentes
914 3831 1044 3914 perata
1069 3833 1164 3888 sunt.

255 3953 388 4044 -Quod
414 3953 458 4022 sd
477 3951 759 4043 stemmatis,
790 3955 1096 4048 Conspectum
1126 3951 1275 4021 tradidit
1292 3951 1401 4021 huius
1426 3948 1548 4020 classis
1571 3967 1772 4039 genere-

177 4085 267 4153 lern
300 4088 340 4155 in
372 4077 587 4182 quaestione
621 4111 708 4175 suu,
746 4089 954 4156 certaminis
982 4108 1088 4155 ceusu
1122 4087 1348 4179 conscripta,
1385 4106 1481 4177 quae
1505 4079 1710 4176 praemium
1737 4077 1772 4148 ei

24 4227 33 4248 '
113 4285 115 4292 Α
174 4239 363 4290 nummum
383 4219 467 4288 tulit
491 4242 660 4290 aureum.
684 4217 726 4289 In
743 4218 1076 4314 Monographie
1097 4213 1413 4312 Simiarum*),
1442 4213 1541 4309 quod
1567 4233 1657 4306 opus
1673 4212 1771 4281 inter

179 4372 244 4440 ea,
285 4365 486 4442 quaesunt
512 4353 675 4423 eiusdem
702 4353 907 4444 argumenti
935 4352 1057 4440 edite,
1097 4351 1143 4420 sd
1169 4352 1377 4444 specierum
1402 4357 1597 4418 numerum
1623 4341 1770 4414 obsolu-

179 4481 359 4551 tissimum
393 4455 560 4578 videiur,
586 4495 732 4556 centum
758 4497 796 4554 et
820 4485 1011 4575 undecim,
1040 4496 1147 4578 etque
1175 4485 1212 4554 iu
1239 4481 1296 4553 his
1321 4482 1483 4556 diverses
1508 4499 1621 4549 novus
1635 4526 1647 4564 ,
1680 4497 1703 4542 a
1727 4495 1768 4544 se

179 4609 369 4702 definitus,
397 4601 558 4706 species,
587 4628 665 4687 tum
692 4617 780 4687 alias
805 4615 1038 4711 complures,
1074 4639 1095 4684 s
1118 4639 1183 4705 se,
1211 4639 1294 4687 curn
1307 4625 1414 4686 antea
1435 4610 1514 4683 soie
1531 4608 1684 4680 nomina
1700 4627 1769 4674 ea-

178 4768 262 4815 rum
288 4744 498 4837 ferrentur,
526 4750 683 4842 primum
709 4749 929 4844 descriptas,
963 4749 1153 4820 recensuit.

229 5058 262 5126 ')
281 5055 359 5111 Haec
380 5056 586 5129 Monogrsphie
614 5062 695 5128 quasi
715 5063 890 5118 continuatio
909 5069 955 5114 ert
974 5060 1115 5136 praeclusi
1135 5059 1248 5132 operia,
1277 5053 1518 5122 aGeoliroyo
1536 5049 1571 5104 ‹le
1590 5045 1682 5102 simiis
1700 5059 1768 5103 teu·
1867 5133 1871 5145 ι

282 5151 383 5225 scripti
401 5163 431 5209 et
449 5154 479 5209 in
498 5153 655 5210 Annalium
674 5156 770 5212 Musei
787 5167 860 5212 tomo
878 5157 949 5213 xlx
967 5155 1110 5228 impressi.
