4692 6142
1707 628 1812 683 nv

313 839 497 918 Dimissus
533 840 666 912 amuda
700 859 724 918 a
748 833 924 932 Principe
951 836 1042 927 Suo,
1065 857 1146 916 nou
1175 837 1257 912 sine
1280 836 1389 912 huius
1414 838 1528 934 ipsius
1552 850 1814 941 terrarumque

212 974 539 1050 Brunsvicensium
567 972 616 1046 ob
640 961 779 1045 tantuin
804 973 987 1044 iacturam
1008 967 1215 1045 faciendam
1245 970 1393 1064 dolore,
1418 971 1813 1073 Hardenbergius

213 1133 321 1182 anno*
347 1131 441 1204 rppo
471 1129 606 1181 norum
632 1095 859 1200 provinciam
886 1126 1053 1200 eamque
1075 1125 1194 1200 aeque
1217 1107 1470 1199 gravissimam
1494 1128 1537 1178 ac
1561 1107 1817 1195 honoriacen-

216 1247 392 1317 tissimam
430 1239 664 1314 faustissimis
704 1241 773 1311 sub
812 1241 981 1335 auspiciis
1017 1238 1128 1330 adiit,
1169 1236 1311 1310 Onoldi
1349 1237 1581 1311 domicilium
1614 1239 1816 1337 sedemque

213 1375 382 1471 gubernii
407 1374 542 1471 figens,
582 1383 621 1446 et
647 1397 669 1444 e
699 1371 922 1444 laetantibus
953 1371 1226 1466 principatuum
1251 1369 1481 1444 Franconiae
1506 1372 1812 1470 Brandenhurgi-

213 1521 343 1582 cortun
367 1507 520 1600 ineolis,
555 1505 603 1576 ad
635 1529 726 1600 quos
759 1507 835 1576 iarn
868 1527 1097 1599 magnarum·
1120 1505 1235 1576 animi
1269 1505 1410 1576 dotium
1437 1507 1815 1603 virtutumquefama

212 1651 449 1738 pervenerat,
474 1661 620 1719 summo
645 1661 728 1710 cum
753 1638 884 1734 plausu
910 1647 1079 1732 receptus
1106 1648 1172 1707 est.
1223 1635 1309 1730 Ipsa
1334 1660 1425 1710 uero
1450 1638 1678 1734 Marggrarii
1702 1641 1817 1712 abdi·

211 1777 356 1848 catione
381 1797 405 1848 a
428 1774 699 1872 principatuum
726 1774 909 1844 dictorum
936 1769 1117 1866 regimine
1141 1771 1473 1866 insequentianno
1496 1791 1591 1868 179¹
1612 1774 1815 1846 solenniter

210 1910 413 2002 declarata,
439 1909 625 2002 terrisque
648 1907 705 1976 his
730 1906 887 2001 proinde
918 1927 966 1976 ex
989 1904 1104 2000 pactis
1128 1903 1375 1976 familiaribus
1394 1907 1439 1979 in
1464 1905 1652 1982 ditionem
1667 1909 1818 2004 imperii

211 2041 403 2116 Berussici
427 2039 690 2131 redeuntibus,
717 2037 873 2108 aRncn
912 2038 1143 2110 Farnenmo
1185 2039 1408 2114 Germano
1442 2039 1544 2113 illico
1578 2052 1662 2138 post
1688 2041 1815 2136 llar-

213 2175 501 2271 denbergius
543 2174 584 2246 in
619 2173 934 2265 Administrorum
966 2183 1082 2244 status
1121 2171 1310 2246 Borussici
1351 2175 1570 2248 intimorum
1616 2169 1816 2249 concilium

213 2323 404 2407 receptus,
441 2309 625 2404 simulque
660 2307 833 2402 Dirigens
859 2291 1138 2402 provinciarum
1162 2306 1473 2384 Franconicarum
1499 2306 1696 2402 Minister,
1732 2336 1818 2384 cum

214 2465 387 2540 suprema
422 2465 482 2515 res
518 2464 649 2515 earum
682 2441 921 2536 institutaque
941 2441 1106 2536 'publica
1143 2443 1364 2518 moderandi
1396 2453 1602 2537 potestate,
1643 2457 1816 2516 manente

215 2577 362 2650 Illius
387 2579 426 2649 in
452 2577 545 2649 urhe
571 2575 710 2648 Onoldi
735 2575 836 2668 sede,
863 2575 1072 2646 nominatus
1098 2583 1165 2643 est.
1193 2575 1314 2666 Atque
1338 2577 1379 2642 in
1403 2574 1475 2645 hoc
1499 2585 1576 2643 tam
1598 2596 1757 2668 operpso
1778 2587 1818 2647 et

212 2734 282 2808 per
307 2708 549 2782 multifariam
585 2732 712 2780 rerum
733 2707 1011 2802 dirigendarum
1037 2705 1182 2798 copiam
1207 2702 1344 2776 virium
1370 2727 1550 2776 summam
1574 2708 1818 2802 intentionem

214 2855 388 2936 poscente
428 2862 583 2910 munere
610 2851 787 2934 quantum
810 2839 986 2911 Noster
1011 2839 1058 2908 de
1082 2838 1195 2908 terris
1218 2835 1292 2906 illis
1330 2836 1567 2911 Franoonieis
1599 2864 1818 2936 promerue-

216 2977 281 3063 rit,
309 2979 444 3070 quanta
469 2973 659 3068 diligentia
684 2994 861 3067 curaque,
888 2993 978 3090 pere
1002 2983 1179 3066 paterna,
1216 2974 1452 3066 prospexerit
1487 2973 1596 3044 saluti
1628 2976 1814 3070 publicae,

218 3107 355 3182 civium
383 3107 599 3199 commodo,
627 3106 749 3176 ordini
774 3115 812 3210 et
836 3103 996 3175 iustitiae
1019 3105 1060 3174 in
1083 3102 1280 3198 fungendis
1310 3106 1581 3199 magstratibus
1613 3108 1820 3184 observan-

216 3241 343 3334 disque
368 3239 524 3332 legibus,
552 3238 710 3333 flerique
735 3248 774 3310 et
798 3238 966 3330 dignitati
979 3237 1233 3310 institutorum
1245 3235 1495 3332 publicorum,
1518 3252 1599 3311 turn
1617 3210 1817 3318 *civitatum

217 3372 577 3466 municipiorumque
605 3384 641 3444 at
667 3372 916 3444 ruricolarum
942 3372 1025 3442 usui
1051 3383 1089 3444 et
1111 3370 1320 3464 beneficio,
1354 3385 1435 3444 tum
1458 3374 1663 3449 iuuentutis
1676 3380 1818 3473 ¹‹erudi-

217 3507 310 3578 tioni
344 3507 628 3601 litterarumque
666 3519 702 3577 et
735 3507 870 3576 artium
905 3505 1168 3606 humaniorum
1198 3508 1324 3578 studio
1354 3509 1586 3602 dicatorum,
1635 3514 1816 3602 omniurn,

217 3640 353 3738 quibus
377 3652 458 3712 tum
482 3643 661 3734 temporis
687 3617 1085 3736 Herdenbergio,
1120 3653 1161 3711 ut
1175 3662 1315 3712 rerum
1340 3642 1482 3736 patriae
1505 3646 1818 3742 suarum‘nutri-
1893 3684 1900 3689 ·

216 3785 315 3866 tore,
350 3774 407 3846 uti
439 3773 557 3867 licuit,
598 3775 764 3847 unanimi
791 3785 934 3846 constat
965 3796 1156 3846 consensu.
1207 3774 1371 3867 Etenim,
1399 3787 1442 3847 ut
1466 3799 1516 3856 er
1545 3775 1671 3848 multis
1701 3800 1817 3849 uuum

211 3918 380 4014 tantum,
416 3909 517 4004 quod
549 3908 643 3980 milri
660 3906 1014 4004 'perspectissimum
1040 3921 1109 3999 est,
1137 3909 1284 4004 egregie
1308 3921 1497 4004 gestorum
1523 3914 1818 4006 meritorumque

217 4042 543 4117 Proconsulis
581 4043 913 4117 illustrissimi
952 4041 1144 4140 proferam
1187 4045 1473 4135 documentum,
1527 4043 1818 4119 Universitatem

78 4261 83 4268 '
149 4165 153 4170 ’
218 4173 428 4256 litterarum
462 4177 749 4285 Erleqqensem,
787 4177 891 4250 cuius
925 4199 1119 4273 supremus
1152 4177 1386 4248 curatoris
1413 4189 1513 4270 erat,
1550 4189 1666 4262 tanto¹
1679 4191 1717 4250 et
1741 4191 1817 4249 tum

220 4309 379 4402 ingenuo
417 4311 542 4386 studio
573 4295 615 4384 ¹'et
651 4334 780 4386 umore
811 4311 1003 4408 amplexus
1038 4322 1116 4403 eat,
1155 4311 1340 4405 rebusque
1367 4309 1484 4380 huius
1518 4309 1605 4380 ulmi
1637 4303 1820 4382 Athenaei

221 4443 367 4520 tuendis
391 4457 430 4518 et
453 4446 539 4522 flori
567 4448 644 4518 eius
660 4441 947 4544 commodisque
972 4445 1147 4540 erigendis
1171 4458 1274 4517 tanta
1298 4465 1383 4516 oum
1407 4444 1637 4528 humanitate
1660 4457 1701 4524 et
1725 4444 1820 4517 lihe-

221 4574 366 4654 ralitate
390 4577 570 4671 incubuit,
597 4590 638 4651 ut
663 4583 733 4654 suh
759 4581 875 4654 Eius
901 4580 1073 4678 auspiciis
1105 4581 1197 4652 haec
1211 4577 1410 4651 Academia
1428 4600 1566 4658 norum
1580 4576 1822 4673 splendorem

220 4707 410 4802 indueret,
437 4709 609 4786 institutis
634 4726 673 4786 et
698 4695 1171 4810 apparatibus'augeretur,
1198 4709 1371 4809 famaque
1410 4723 1449 4784 ct
1472 4711 1684 4808 disciplinae
1707 4709 1821 4784 laude

186 4835 188 4838 ’
222 4838 331 4928 sicuti
367 4841 602 4930 alumnorum
638 4870 795 4920 numero
814 4848 990 4922 ‚multum
1023 4858 1218 4922 cresceret.
1261 4845 1410 4941 Neque
1447 4846 1571 4917 omisit
1607 4847 1821 4940 optimus

218 4975 427 5060 'curatos
452 4977 611 5076 aliquam
637 4979 741 5055 Sibi
767 4982 928 5058 oblatam
955 4983 1198 5074 occasionem,
1222 4982 1439 5052 doctorshus
1462 4979 1573 5054 huius
1596 4969 1820 5054 Academiae

222 5121 369 5204 gratum
399 5111 489 5208 quid
519 5111 792 5225 iucundumque
819 5113 1000 5191 offerendi
1033 5117 1091 5194 rel
1124 5126 1228 5190 certe
1260 5111 1486 5202 declarandi,
1514 5122 1553 5186 et
1577 5115 1724 5210 quoties
1747 5115 1821 5188 Er·

1398 5245 1427 5315 d
