4692 6142
487 557 564 643 stt
945 559 970 593 ⁹
1008 553 1052 645 0,
1079 499 1197 626 Μ.
1223 508 1583 645 tt'nswtnns,

489 749 593 840 ricla
628 750 794 855 divisa,
827 766 1020 865 quornm
1051 746 1136 832 alia
1167 747 1292 865 apice
1330 745 1498 853 libera,
1535 741 1620 832 slis
1650 774 1732 863 per
1761 748 2100 868 paria.temare

491 895 554 984 ita
579 891 859 981 cohaerentia
884 873 1219 996 inveniuntur,
1238 913 1290 978 ut
1312 887 1369 976 ad
1395 889 1519 976 basin
1540 886 1744 978 lacunam
1769 919 1971 1010 magnam
2001 885 2099 991 lan-'-

491 1039 706 1125 scolarem
736 1036 853 1124 inter
887 1065 934 1123 se
950 1026 1224 1161 ,relinquant
1239 1094 1257 1135 ,
1307 1030 1472 1132 verbo,
1520 1053 1588 1119 est
1612 1032 1923 1148 peristomium
1958 1037 2101 1128 Tim·

487 1180 629 1268 miae
661 1177 710 1264 in
738 1175 927 1264 Museo
967 1168 1391 1293 pleurocar'po,
1424 1171 1631 1261 dentibus
1661 1177 1910 1292 peristomii
1935 1181 2094 1270 exteri·

489 1322 586 1425 oris,
619 1319 845 1408 tortilibus
887 1319 1059 1435 insigni.
1115 1317 1396 1404 Annulum
1444 1314 1683 1404 nonvidi.
1743 1317 2095 1438 O‘perculum

377 1447 381 1455 ⁴
454 1467 537 1566 ‚in
574 1487 724 1550 nostra
766 1463 914 1582 specie
960 1491 1199 1578 magnum,
1248 1483 1435 1550 rectum.
1507 1453 1821 1577 Calyptra
1859 1463 2102 1574 cucullata,

489 1630 648 1720 acuta,
676 1607 841 1724 glabra.

605 1750 836 1859 Habitus
888 1745 1041 1862 Hypni
1091 1743 1322 1832 cniusdam
1368 1745 1560 1866 gigantei
1618 1773 1643 1832 e
1688 1679 2094 1842 Rutabttlorum

489 1891 636 1999 tribu,
663 1920 744 1976 seu
772 1887 920 2007 potius
948 1886 1220 1976 Climacii
1245 1884 1623 1996 lutesceutis,
1654 1919 1739 2008 ope
1765 1887 1895 1980 lentis
1927 1868 2111 1985 vitreae¹

493 2035 733 2152 conspecti.
2060 2059 2066 2066 ·

607 2178 791 2265 Locus
820 2133 1270 2301 naturalistin'ter
1302 2173 1641 2266 Climacium
1673 2199 1717 2266 et
1741 2175 2033 2273 Lesiesm

605 2319 818 2412 Nomen
844 2290 1091 2410 edentibus
1106 2317 1372 2440 peristomii,
1403 2317 1599 2408 siccitate
1620 2317 1666 2404 in
1681 2317 1847 2432 spiram
1863 2320 2096 2414 contortis·

607 2463 760 2584 Spec.
800 2463 1119 2580 Spiridens
1151 2460 1500 2552 lieinwardti
1538 2459 1593 2555 N.
1624 2457 1760 2548 abE.

606 2601 807 2694 Cauiis
837 2627 1008 2693 erectus
1037 2603 1111 2694 vel
1141 2603 1383 2693 ascendens
1399 2669 1415 2712 ,
1449 2601 1620 2722 pedalis
1651 2625 1696 2692 et
1721 2600 1869 2720 ultra,
1901 2595 2080 2692 oraine

491 2743 558 2834 fili
590 2746 851 2864 emporetici
881 2745 1108 2854 fortioris,
1150 2749 1598 2864 compressiusculus,
1638 2743 1919 2850 substriatus,
1958 2741 2084 2830 tlensr

486 2889 697 2997 foliosus,
748 2887 900 3003 glaber
952 2919 1035 2976 nec
1085 2887 1303 2983 radiculis
1344 2889 1782 3011 inquinatus,··lrete
1823 2913 2089 3006 puellarem,

488 3060 679 3149 superne
705 3029 764 3116 in*
790 3061 937 3118 ramos
972 3033 1146 3151 aliquot
1177 3009 1402 3150 simplices
1444 3031 1670 3122 breviores
1702 3029 1867 3118 divisus
1910 3025 2095 3147 seseque

493 3174 787 3267 dichotomus.
848 3173 1090 3261 Tentura
1131 3176 1323 3261 trunci
1367 3179 1392 3263 e'
1431 3172 1519 3262 filis
1571 3172 1808 3292 pellucidis
1849 3168 2090 3262 articulatis

430 3301 453 3364 ·.
491 3315 743 3436 parallelis,
785 3319 833 3404 in
870 3317 1040 3406 ambitu
1071 3343 1316 3439 centroque
1350 3309 1626 3406 tenuioribus
1651 3339 1697 3406 st
1730 3313 2091 3421 coniettioribnr,

492 3458 642 3546 medio
676 3483 823 3547 autem
844 3459 984 3576 spatio
1008 3461 1301 3578 amplioribus
1332 3463 1673 3570 celerioribus,
1705 3485 1857 3550 centro
1889 3457 1969 3548 illo
1994 3456 2093 3547 fers

387 3633 390 3638 ·
478 3601 655 3690 'lineari
687 3625 869 3717 angusto
901 3605 1185 3689 transversim
1221 3627 1412 3691 extenso.
1473 3605 1638 3692 Folia
1667 3601 1902 3692 sexiarinm
1931 3624 2091 3694 trunco

494 3748 832 3865 circumposita,
865 3738 1116 3845 inhumido·
1132 3749 1359 3862 patentia,
1392 3751 1439 3832 in
1461 3747 1578 3837 sicco
1593 3772 1706 3833 statu
1723 3744 1897 3862 patula,
1921 3742 2091 3846 stricta,

494 3879 707 3975 inferiora
736 3887 885 3995 lusca,
912 3893 1213 4006 superiora
1239 3887 1407 4006 pallide
1444 3919 1469 3975 e
1500 3887 1640 3976 viridi
1666 3889 1951 3990 latescentia,
1995 3881 2098 3999 Η

494 4031 633 4118 fiueas
663 4032 826 4144 longa,
856 4031 950 4116 basi
977 4061 1054 4118 soa
1084 4055 1310 4118 contracta
1336 4031 1519 4145 vaginae
1548 4031 1609 4116 ad
1640 4029 1978 4117 instar.caulem
2008 4025 2094 4114 cir·
2210 4131 2220 4149 .

493 4173 870 4289 complectentia,
902 4174 1006 4259 bine
1037 4203 1091 4258 ex
1124 4199 1251 4260 ovata
1281 4175 1374 4260 basi
1400 4175 1652 4289 longissime
1683 4172 1933 4260 ‘lanceolato
1952 4221 1972 4239 ·
1990 4199 2097 4258 acne

491 4319 688 4421 minata,
722 4319 918 4430 margine
945 4317 1183 4404 incrassata
1209 4341 1252 4403 et
1275 4343 1463 4425 serrata,
1504 4347 1640 4404 nervo
1667 4314 1815 4404 medio
1843 4316 1889 4402 in
1922 4315 2095 4432 apicem

490 4471 749 4558 tt'xcurrente¹
780 4460 894 4548 laevi
923 4459 1089 4560 divisa,
1119 4463 1313 4550 siccitate
1334 4463 1578 4574 substricta.
1627 4459 1752 4578 ¹Retis
1778 4459 1951 4548 areolae
1986 4455 2095 4544 den·
2159 4452 2169 4471 ⁸

494 4601 715 4708 sissimae,
761 4602 971 4707 lineares,
1025 4631 1116 4720 quo
1146 4597 1228 4708 fit,
1267 4626 1317 4688 ut
1345 4603 1455 4690 solia
1486 4604 1698 4690 rimulosc
1730 4610 1984 4722 appareant.
2043 4595 2096 4688 ln

492 4741 813 4834 vetustioribus¹
829 4740 948 4828 foliis
974 4742 1118 4826 omnis
1145 4743 1375 4860 compages
1397 4771 1535 4862 opaca
1559 4745 1911 4834 etsubcoriucea.
1943 4743 2097 4832 Geme-

494 4913 604 4973 mae
634 4883 862 4976 lemlneae·
881 4914 1041 4974 versus
1064 4887 1238 5003 apicem
1279 4889 1413 4976 caulis
1445 4890 1715 5000 crebriores,
1742 4889 2093 5007 approximatam·

367 5115 380 5138 ,
493 5028 613 5116 soliis
645 5027 897 5152 breuiores,
939 5027 1322 5143 suhsylindri‘cae‚
1369 5030 1560 5138 sessilos,
1612 5033 1681 5119 axi
1729 5032 2132 5149 purpuraeosnts.'
