4692 6142
249 1368 419 1587 Quae
461 1450 507 1533 in
548 1468 728 1535 ascensu
764 1446 981 1533 montium
1021 1440 1206 1531 lanae
1247 1442 1417 1529 insulae
1459 1437 1701 1527 editionum
1739 1440 1849 1527 rari-

246 1618 344 1677 ores
374 1588 546 1705 plantae
585 1586 902 1695 occurrebant,
942 1612 1013 1673 eas
1033 1581 1189 1671 sedulo
1221 1582 1426 1669 collectas
1453 1604 1587 1701 atque
1615 1578 1847 1671 exsiccatas

248 1730 314 1817 rei
336 1728 566 1815 herbariae
591 1726 835 1814 cultoribus
857 1725 982 1814 brevi
1006 1729 1284 1814 enarratione
1315 1724 1550 1813 tradimus.
1581 1722 1673 1811 Eae
1702 1746 1850 1813 eutem

207 1930 212 1936 -
247 1896 399 1960 omnes
420 1898 536 1955 anno
556 1868 795 1985 praeterito
820 1864 1167 1989 (MDCCCXX)
1194 1868 1333 1957 lectae
1349 1868 1511 1955 suntin
1528 1866 1583 1952 iis
1600 1868 1692 1980 iugi
1718 1863 1847 1953 huius

253 2010 497 2115 montibus,
523 2012 603 2129 qui
629 2008 862 2099 altitudine
886 2010 1064 2098 circiter
1098 2014 1216 2098 6000
1235 2010 1401 2127 pedum
1423 2030 1555 2127 supra
1579 2038 1698 2097 mare
1724 2010 1844 2114 elati,

248 2151 385 2241 Salat
400 2176 444 2239 et
464 2150 608 2249 Gedee
630 2150 683 2238 ab
703 2153 859 2241 incolis
880 2152 1171 2269 appellantur.
1200 2152 1336 2267 Quod
1361 2185 1465 2243 vero
1487 2176 1585 2244 ante
1608 2182 1759 2239 omnes
1789 2150 1846 2239 ad

245 2297 590 2410 cryptogamicas
621 2295 761 2385 dictas
791 2297 1041 2413 plantarum
1073 2293 1242 2409 species
1291 2294 1491 2382 animum
1527 2291 1841 2397 convertimus,

244 2464 297 2524 ee
328 2466 456 2525 causa
483 2434 593 2543 fuit,
622 2440 831 2557 quoniam
862 2437 1144 2554 paucissimas
1168 2460 1340 2524 tantum
1371 2436 1500 2523 huius
1531 2433 1702 2521 ordinis
1726 2432 1851 2553 plau·

242 2600 308 2667 tas
324 2608 348 2665 e
363 2574 473 2665 Iove
491 2579 632 2668 insula
648 2580 696 2667 in
711 2603 910 2667 nostrum
927 2579 1083 2666 orbem
1111 2576 1313 2665 devectas
1340 2600 1473 2694 etque
1495 2575 1734 2690 descriptas
1755 2604 1846 2661 esse

241 2722 413 2835 experti
425 2694 604 2831 'sumus3
632 2724 840 2810 etenimsi
855 2716 1153 2835 Pob‘trichum
1168 2718 1378 2803 cirratum
1388 2716 1478 2802 Sw.
1499 2739 1546 2803 et
1564 2705 1846 2833 langerman-

242 2864 362 2947 niam
388 2864 648 2962 invenirem,
673 2862 828 2947 olima
864 2858 1132 2975 llzunbergio
1171 2860 1217 2945 in
1258 2858 1537 2947 montibus
1575 2858 1849 2947 caeruleis

241 2996 371 3087 huius
398 2997 565 3086 insulae
595 2997 839 3125 detectam,
874 2982 1125 3115 exceperis,
1153 3000 1226 3089 vix
1252 3002 1358 3089 alias
1388 3001 1588 3089 eiusdem
1613 3024 1756 3091 terrae
1784 3002 1848 3087 iu·

241 3137 419 3251 digeras
444 3139 515 3225 vel
541 3142 587 3224 in
617 3138 965 3263 locupletissimo
990 3138 1146 3226 harum
1165 3140 1418 3255 plantarum
1449 3139 1605 3230 codice
1631 3131 1855 3246 inveniam

242 3309 388 3399 neque
420 3310 473 3368 ex
504 3281 600 3372 aliis
629 3284 896 3401 propinquis
926 3284 1108 3383 insulis,
1143 3281 1214 3370 vel
1241 3312 1292 3369 ex
1318 3284 1413 3401 ipso
1439 3282 1591 3371 Indiae
1623 3283 1850 3373 orientalis

240 3424 492 3511 continente
547 3422 729 3538 largiori
786 3426 1038 3540 plantarum
1096 3428 1520 3540 cryptogamicarum
1569 3454 1707 3515 messe
1757 3425 1848 3513 frui

239 3562 356 3651 licet.
415 3562 515 3651 Non
553 3567 717 3652 mirum
756 3567 932 3685 itaque,
974 3568 1153 3683 plures,
1205 3598 1318 3686 quae
1368 3590 1468 3655 aute
1504 3566 1641 3685 pedes
1686 3596 1839 3678 erant,

239 3703 404 3819 species
447 3732 581 3793 novas
624 3706 798 3811 videri,
855 3732 931 3795 aut
956 3710 1109 3796 saltem
1149 3742 1174 3795 a
1210 3716 1387 3799 nemine
1433 3710 1671 3826 descriptas
1682 3743 1696 3823 3
1745 3741 1850 3801 nam

238 3843 462 3954 American
489 3846 777 3937 meridionalis
813 3850 987 3966 plantae
1020 3852 1383 3965 cryptogamicae
1423 3849 1643 3938 rarissime
1688 3852 1863 3939 nostris

241 3988 562 4099 cotnparandae
592 4012 718 4097 suut,
752 3988 909 4079 eadem
949 3990 1041 4079 fere
1073 3989 1198 4106 lege,
1244 4022 1333 4111 qua
1373 4016 1418 4081 et
1449 3992 1876 4109 phanerogamicae·

240 4121 370 4211 huius
415 4128 566 4245 plagae
600 4132 774 4248 plautae
810 4130 865 4222 ab
905 4136 987 4243 iis,
1033 4164 1146 4253 quae
1179 4136 1226 4219 in
1267 4135 1395 4221 terris
1426 4135 1714 4223 orientalibus
1739 4166 1845 4251 pro-

238 4266 447 4376 veniunt,
490 4304 624 4391 quam
668 4276 919 4391 longissime
960 4274 1138 4368 distant.
1200 4276 1414 4370 Maxima,
1440 4278 1687 4364 formarum
1743 4305 1876 4364 con·-

237 4410 406 4496 iunctio
434 4416 617 4506 'emicuit
645 4418 693 4505 in
723 4420 909 4536 plantis,
946 4438 1026 4539 per
1055 4420 1219 4509 insulas
1253 4424 1513 4509 Borbonicm
1538 4445 1583 4511 et
1611 4422 1678 4509 St.
1706 4421 1842 4517 Man-

236 4552 373 4635 ritiia
404 4550 500 4641 Cel.
525 4558 651 4645 Borio
678 4558 732 4647 de
758 4561 823 4647 St.
859 4562 1050 4651 Vincem
1066 4564 1291 4665 collectis,
1318 4564 1398 4651 sed
1424 4596 1476 4651 ea
1510 4541 1690 4684 quoque
1720 4549 1844 4649 simi-

235 4686 378 4775 litudo
408 4692 544 4810 magis
574 4689 959 4815 atque'all‘mitas,
1001 4731 1133 4824 quarn
1160 4708 1408 4820 specierum
1438 4737 1585 4793 nexus-
1611 4734 1830 4819 congruus

234 4834 470 4944 apparuit;
517 4834 604 4925 alia
634 4868 687 4923 ex
715 4838 782 4925 his
808 4841 935 4931 alteri
959 4876 1012 4931 er
1044 4847 1130 4933 illis
1163 4846 1432 4964 respondet,
1474 4843 1559 4933 alia
1584 4876 1665 4962 per
1704 4844 1837 4931 aliam

233 4970 478 5063 illustratur
488 5040 504 5085 ,
538 5002 588 5069 ut
608 4978 797 5068 dubium
827 5015 915 5074 non
946 4988 1026 5095 sit,
1059 4990 1240 5077 Floram
1276 4967 1649 5106 crypto'gamicam
1677 4984 1837 5074 harum

233 5112 476 5212 insularum
496 5122 742 5239 plurimum
763 5128 875 5215 locis
904 5130 1135 5223 allaturam
1158 5164 1249 5223 esse
1276 5159 1467 5241 nostrae,
1502 5158 1546 5223 et
1569 5135 1665 5221 vice
1691 5145 1834 5238 versa,
