4692 6142
670 768 839 860 Videtis,
867 779 1043 864 quantum
1069 765 1231 840 Kuhlius
1256 763 1488 860 disciplinam
1511 791 1617 842 suam
1642 771 1835 845 amaverit.

672 905 744 974 Sed
770 901 902 974 Kuhlii
927 903 1036 974 etiam
1064 899 1136 972 alia
1160 900 1311 995 propria
1335 899 1486 973 fuerunt
1499 952 1511 994 ,
1540 925 1660 997 quae,
1694 905 1859 999 quamvis
1885 925 2068 1003 quemque
2094 910 2172 980 de.

573 1049 702 1128 ceant,
752 1035 856 1107 illum
895 1036 1092 1132 praecipue
1130 1035 1176 1104 ad
1201 1032 1272 1105 hoc
1313 1056 1428 1128 genus
1459 1033 1707 1127 'litterarum,
1747 1038 1847 1132 quod
1887 1039 1958 1114 sibi
1990 1041 2172 1136 elegerat,

572 1183 696 1265 aptum
724 1169 976 1241 reddiderunt.
1290 1251 1293 1259 1

673 1309 717 1372 Iu
746 1300 889 1382 Kuhlio
914 1311 1062 1395 praeter
1088 1310 1230 1372 ceteras
1254 1300 1409 1373 virtutes
1433 1301 1612 1397 ingenuus
1639 1295 1785 1397 quaqua
1809 1305 1950 1388 animus
1972 1305 2053 1378 suit.
2091 1310 2170 1380 Vc

573 1417 770 1526 recundia,
815 1435 1045 1536 obedientia,
1086 1433 1267 1505 modestia
1301 1446 1340 1504 et
1371 1446 1475 1527 grata
1506 1434 1772 1507 beneficiorum
1798 1439 1976 1508 memoria
2000 1441 2166 1512 animum
2284 1476 2286 1545 p

571 1572 650 1640 eius
678 1581 866 1641 ornarunt.
2284 1552 2286 1565 '

669 1702 793 1771 Etiam
820 1699 1014 1771 desideriis
1041 1699 1244 1771 amicorum
1268 1697 1442 1802 lubenter
1466 1719 1607 1768 morem
1628 1700 1759 1791 gessit,
1787 1700 1852 1772 sed
1876 1703 2159 1794 nominebus,

567 1835 612 1903 ad
639 1833 868 1926 disciplinam
894 1832 1187 1926 pertinentibus,
1218 1853 1298 1902 rem
1325 1831 1460 1900 rectius
1486 1853 1508 1898 a
1534 1852 1574 1900 se
1590 1833 1668 1924 ipso
1694 1804 1869 1925 intelligi,
1898 1834 1931 1902 ei
1946 1857 2162 1927 persuasum

457 2001 459 2006 ¹
569 1977 685 2053 esset,
714 1968 933 2036 seutentiam
958 1989 1084 2057 suam,
1116 1965 1282 2038 modeste
1307 1976 1451 2056 tamen,
1479 1962 1643 2034 defendit
1669 1966 1828 2056 acriter,
1855 1989 1975 2061 neque
1999 1968 2161 2041 aliorum

568 2099 703 2168 iudicio
732 2069 937 2168 inconsulto
964 2089 1086 2168 cessit,¹¹

669 2232 835 2302 Maxime
860 2240 983 2303 autem
1011 2231 1150 2322 pietas,
1185 2253 1257 2322 qua
1282 2251 1367 2334 erga
1393 2238 1560 2323 patrem,
1587 2229 1721 2300 fratres
1747 2243 1784 2301 et
1808 2253 1955 2302 sorores
1979 2232 2158 2323 sogessit,

451 2457 453 2462 Ι
564 2379 737 2462 tanquam
765 2365 954 2460 exemplar
980 2363 1027 2434 ud
1061 2363 1279 2432 imitandum
1320 2364 1478 2455 proponi
1513 2373 1656 2454 potest3
1690 2363 1729 2432 id
1763 2364 1861 2436 enim
1897 2363 2084 2456 colligitur
2117 2387 2164 2432 ex

567 2500 751 2594 epistolis,
778 2508 926 2592 epatre
952 2496 1000 2564 ad
1026 2518 1110 2565 eum
1134 2493 1280 2586 scriptis
1294 2547 1305 2583 ,
1333 2516 1402 2564 nec
1427 2494 1509 2564 leve
1536 2507 1791 2588 argumentum
1820 2497 1929 2566 etium
1953 2497 1990 2565 in
2019 2508 2159 2582 coest,

568 2635 686 2725 quod,
714 2656 761 2702 nc
788 2632 875 2725 quid
900 2629 1076 2700 fratribus
1105 2640 1142 2698 et
1166 2627 1357 2698 sororibus
1382 2627 1609 2717 detraheret,
1629 2651 1658 2696 a
1682 2641 1786 2724 patre
1808 2629 1965 2721 liberali,
1993 2631 2160 2724 quamvis

565 2735 735 2834 lubenter
760 2763 820 2831 hic
847 2787 931 2832 eum
958 2762 1177 2848 adiuvisset,
1204 2760 1305 2831 nulia
1332 2758 1510 2831 beneficia
1536 2762 1731 2854 acceperit.

665 2895 741 2964 Pro
765 2895 924 2963 maximo
950 2892 1083 2962 Kuhlii
1110 2894 1242 2962 merito
1268 2893 1477 2964 habendum
1504 2906 1575 2988 est,
1612 2917 1694 2964 eum
1731 2905 1846 2965 totam
1871 2895 2062 2966 historiam
2088 2919 2156 2966 na-

560 3026 720 3101 turalem
751 3051 828 3098 esse
854 3025 1076 3119 amplexum.
1121 3023 1219 3096 Nam
1244 3048 1329 3096 cum
1354 3026 1738 3100 anquDCCOXVI
1755 3019 1982 3120 Grouingam
1997 3030 2155 3119 reniret,

565 3164 638 3232 iam
665 3164 780 3232 muita
810 3159 1024 3250 mineraiia,
1062 3171 1139 3230 tum
1167 3163 1442 3254 oryctognosiae
1466 3173 1546 3232 tum
1572 3163 1678 3231 etiam
1705 3163 1923 3254 geognosiae
1947 3162 2071 3233 habita
2097 3187 2156 3231 ra·

560 3295 682 3384 tione,
729 3302 920 3386 praeterea
967 3267 1092 3362 omues
1135 3315 1280 3386 quoque
1318 3291 1479 3386 plantas,
1523 3297 1562 3362 in
1606 3295 1864 3368 Wetteraviae
1903 3319 1992 3389 agro
2038 3296 2154 3366 fertili

475 3483 480 3488 -
563 3414 772 3516 nascentes,
813 3425 935 3498 omnia
961 3422 1191 3513 mammetis,
1232 3447 1316 3495 aves
1342 3434 1380 3494 et
1404 3426 1519 3518 pisces
1553 3425 1695 3495 mediae
1719 3426 1893 3519 Europae
1926 3441 2154 3519 cognoverat.

563 3555 768 3654 Prae'cipne
793 3572 830 3630 et
859 3560 897 3629 iu
931 3558 1041 3626 horto
1066 3555 1239 3627 botanico
1264 3555 1533 3648 Groningeusi,
1562 3580 1671 3650 quem
1695 3558 1859 3650 quotidie
1885 3561 2027 3650 adibat,
2055 3561 2151 3628 etin

491 3767 492 3770 ,
564 3695 643 3767 aliis
683 3694 821 3783 hortis,
860 3715 951 3789 quos
988 3691 1027 3761 in
1064 3691 1257 3760 itineribus
1293 3691 1367 3760 suis
1392 3690 1516 3772 sidit,
1556 3692 1692 3760 exteris
1717 3689 1969 3782 plantisdedit
1988 3657 2156 3786 operam,

563 3841 671 3926 atque
694 3830 732 3898 in
759 3853 887 3899 musco
914 3823 1186 3918 Groningensi,
1213 3834 1251 3894 et
1275 3823 1314 3894 in
1342 3825 1476 3895 rauseis
1502 3822 1755 3914 Berolineusi‚
1787 3823 2011 3913 Parisiensi,
2044 3825 2152 3895 Lon-

562 3962 706 4032 dineusi
733 3969 801 4028 etc.
836 3960 876 4028 in
911 3969 1066 4028 externa
1090 3955 1263 4027 animalia
1288 3932 1520 4044 vertebrato,
1557 3955 1707 4024 Parisiis
1733 3956 1897 4027 maxime
1919 3960 1957 4029 in
1982 3957 2151 4026 animalia

562 4069 833 4181 invertebrate,
861 4089 1058 4182 inquisivit.

664 4223 725 4291 Sic
757 4233 880 4318 eutem
919 4233 1104 4314 postremo
1138 4218 1187 4287 ad
1214 4217 1572 4289 Swinderenum
1598 4221 1761 4315 scripsit:
1793 4222 1963 4323 asperis,
2001 4247 2081 4314 me,
2114 4225 2152 4294 in

561 4357 751 4450 Europam
796 4376 1012 4444 reversum,
1052 4351 1189 4440 studii,
1230 4350 1405 4422 inunum
1438 4351 1558 4427 solum
1587 4354 1798 4447 disciplinae
1836 4367 1977 4450 partem
2011 4357 2150 4443 collati,

560 4513 636 4560 non
672 4498 879 4558 accusatum
918 4486 990 4572 iri,
1029 4507 1112 4554 cum
1150 4505 1224 4552 non
1254 4483 1294 4554 iu
1324 4505 1386 4554 eas
1411 4485 1520 4554 modo
1554 4486 1744 4566 doctrinae
1771 4499 1921 4559 nostrae
1946 4502 2087 4582 partes,
2113 4491 2152 4558 iu

559 4623 690 4719 quibus
726 4619 826 4690 domi
854 4593 1020 4688 'maxime
1057 4614 1249 4703 laboravi,
1289 4629 1454 4688 accurate
1493 4620 1699 4690 tractandae
1736 4644 1888 4714 operam
1923 4622 2151 4716 impensurus

558 4757 649 4845 aim,
676 4755 741 4826 sed
766 4754 805 4825 in
828 4775 958 4824 omnes
985 4761 1124 4822 ceteras
1150 4749 1260 4819 etiam
1283 4760 1406 4842 partes
1436 4749 1606 4819 animum'
1623 4753 1693 4822 sim
1717 4752 1938 4824 intensurus.
2016 4798 2024 4805 -

657 4885 849 4974 Alterum,
891 4883 991 4980 quod
1019 4881 1161 4980 Kuhlio
1196 4879 1329 4951 merito
1354 4879 1548 4969 tribuitur,
1577 4893 1653 4970 est,
1691 4887 1789 4978 quod
1813 4897 1963 4979 praeter
1987 4885 2150 4976 studium

555 5017 730 5090 historiae
755 5015 932 5089 naturalis
957 5039 1069 5088 sensu
1093 5009 1306 5104 strictiora,
1349 5012 1459 5082 etiam
1484 5015 1726 5110 anatomiam,
1763 5018 2051 5112 physiologiam,
2090 5013 2150 5088 rel
