4692 6142
1713 649 1768 702 LV

173 847 370 921 nonnullos
395 848 595 922 bulborum
619 847 812 946 fasciculos
834 860 875 922 et
901 849 966 922 CO
991 851 1142 944 circiter
1167 853 1373 948 specierum
1408 859 1548 930 semina
1579 859 1651 930 sibi
1668 884 1768 934 com·

172 995 419 1077 paraverunt,
452 1006 544 1078 quae
571 982 746 1054 Bataviae
773 985 812 1052 in
836 983 949 1054 borto
977 984 1149 1058 botanico
1175 999 1355 1058 sererent.

245 1125 247 1136 '
270 1116 343 1188 Sed
365 1125 571 1188 memoratu
587 1115 796 1214 dignissima
812 1114 978 1208 fuerunt,
1008 1142 1103 1226 quae
1121 1119 1166 1190 de
1184 1131 1370 1190 structura
1387 1132 1426 1191 et
1438 1122 1562 1192 stratis
1587 1124 1767 1198 Montis

170 1249 398 1319 tabularis
425 1261 461 1319 et
488 1251 673 1339 omnium,
711 1251 773 1344 qui
799 1251 919 1320 sinum
944 1251 1153 1327 tabularem
1179 1261 1217 1320 et
1241 1251 1427 1344 Houtbay
1445 1255 1584 1326 dictum
1599 1257 1765 1351 cingunt,

172 1383 307 1452 rectius
339 1382 704 1473 animadverterunt,
743 1384 790 1452 de
824 1383 957 1476 quibus
988 1386 1157 1458 omnibus
1184 1387 1303 1457 adbuc
1340 1387 1447 1461 ualde
1481 1353 1679 1482 perversae
1710 1390 1764 1462 fe·
1809 1462 1812 1465 ,

173 1513 350 1584 rebantur
379 1515 583 1608 opiniones.

267 1647 443 1742 Magnum
476 1671 588 1732 mare
619 1641 785 1718 Indicum
820 1648 864 1718 iis
898 1670 972 1717 non
1007 1647 1148 1738 miuus,
1189 1673 1298 1744 quam
1331 1651 1570 1748 Atlanticum,
1609 1659 1767 1728 occasio·

174 1803 261 1851 nem
296 1781 490 1874 praebuit,
527 1780 644 1850 multa
670 1781 788 1851 adhue
814 1780 935 1849 obiter
960 1779 1191 1852 considerata
1217 1783 1388 1854 animalia
1415 1791 1617 1880 quaerendi
1643 1803 1680 1859 et
1705 1815 1766 1860 ac-

170 1924 303 2004 curate
330 1937 373 1982 ea
397 1913 625 2000 dissecando,
652 1897 903 2006 cognationem
928 1933 1057 1982 eorum
1073 1937 1166 1998 ⁴curn
1187 1915 1267 1984 aliis
1283 1920 1379 1987 notis
1398 1899 1681 1990 demonstrandi.
1732 1924 1766 1994 E

166 2045 308 2116 familia
353 2045 695 2116 Molluseorum
746 2045 996 2136 nudorum,
1053 2031 1449 2158 Assnnulariurum,
1502 2051 1765 2123 Tunicato-

167 2201 359 2272 rumque
391 2178 454 2247 La
481 2176 680 2248 Marokii
711 2177 905 2250 nonnullas
933 2182 1072 2272 species
1101 2193 1140 2250 et
1157 2163 1292 2273 genera
1314 2185 1549 2257 iurauerunt.
1598 2185 1765 2258 Fortuna
1840 2168 1848 2177 ,

163 2299 313 2382 tandem
338 2312 493 2404 adversa
517 2313 555 2380 in
581 2311 752 2381 Coeoiis
778 2311 975 2400 insulas,
1002 2315 1195 2398 Sumatrae
1220 2283 1412 2384 meridiem
1425 2330 1644 2408 spectantes,
1677 2335 1762 2401 suut

166 2442 327 2538 depulsi,
354 2468 446 2540 quae
474 2445 614 2515 insulae
636 2445 885 2534 consociatae,
912 2446 943 2514 si
963 2446 1123 2534 notitiis,
1159 2447 1205 2515 ab
1233 2448 1278 2514 iis
1298 2447 1437 2535 relatis,
1463 2449 1572 2517 fidem
1597 2451 1763 2519 tribuere

164 2574 348 2668 volumus,
358 2589 457 2648 totae
470 2569 517 2647 e'x
526 2576 946 2670 Madreporiseoustant,
957 2597 1183 2668 prorsusque
1194 2577 1330 2644 similes
1339 2590 1424 2646 suut
1433 2577 1549 2667 planis
1562 2580 1633 2646 illis
1644 2581 1771 2680 maris,

89 2783 102 2808 ,
157 2709 413 2780 meridionalis
433 2707 573 2798 insulis,
595 2714 751 2800 qnorum
772 2709 953 2801 originem
974 2707 1169 2779 Forsterus
1196 2708 1307 2776 etiam
1322 2733 1343 2775 a
1359 2707 1758 2800 Madreporisd'erivat.

179 2909 185 2928 ,
261 2827 423 2932 Propter
447 2837 721 2910 multitudinem
747 2843 893 2933 rupium
920 2839 1108 2912 acutarum
1121 2891 1132 2928 ,
1158 2838 1360 2949 ecoralliis
1382 2850 1506 2937 ortum
1527 2840 1756 2932 ducentium,

164 2971 204 3041 in
237 2971 358 3041 sinum
392 2972 526 3042 barum
560 2971 767 3042 insularum
801 2971 912 3042 mo'do
948 2953 1165 3067 tempestate
1200 2969 1330 3063 sedata
1354 2983 1393 3040 et
1422 2975 1562 3064 exiguis
1589 2999 1673 3046 curn
1698 2999 1762 3046 na-

162 3103 268 3175 vibus
282 3105 562 3198 ingrediendum
574 3117 640 3178 est.
659 3091 746 3176 'Has
762 3117 883 3178 eutem
895 3104 1034 3177 efundo
1050 3107 1161 3177 maris
1172 3103 1412 3175 coralliorum
1424 3112 1537 3198 opera
1552 3108 1757 3206 emersisse,

160 3239 332 3330 probarit
356 3249 441 3344 ente
467 3240 590 3312 omnia
614 3240 885 3330 mammalium,
912 3239 1187 3333 amphibiorum
1213 3237 1408 3331 aviumque
1433 3239 1674 3309 terrestrium
1701 3221 1758 3308 so-

160 3369 279 3440 litudo
305 3370 510 3464 Floraeque
534 3385 743 3467 paupertas,
772 3398 855 3444 eum
880 3374 1091 3466 plantarum
1112 3370 1347 3443 solummodo
1366 3383 1524 3464 quatuor
1540 3375 1677 3465 species
1697 3399 1755 3443 oc-

161 3497 358 3574 currerent
370 3553 381 3594 ,
409 3527 559 3607 nempe:
593 3487 694 3584 nora
712 3507 834 3602 aliqua
855 3509 1029 3600 graminis
1049 3509 1216 3603 speeies,
1244 3503 1398 3593 Unica,
1429 3505 1547 3574 Coeos
1565 3494 1745 3595 nucif'cra,

159 3633 263 3723 euius
301 3618 402 3712 silva
428 3633 642 3710 interiorem
672 3641 787 3722 huius
824 3638 966 3712 insulae
998 3652 1140 3735 partem
1171 3639 1284 3737 tegit,
1324 3648 1362 3707 et
1389 3634 1659 3709 Tournefortia
1683 3659 1752 3707 ar·

159 3781 308 3862 gentes,
346 3793 438 3877 qnae
464 3774 562 3844 tristi
588 3769 775 3847 rirlllitate
802 3776 945 3847 Cocoes
971 3774 1102 3848 silvam
1130 3770 1342 3842 circumdat.

257 3901 548 3976 Innumerabilia
575 3909 700 3982 arium
724 3911 975 4004 aquaticarum
993 3909 1136 4000 agmina
1151 3905 1318 3976 incolunt
1340 3903 1432 3973 haee
1446 3904 1593 3973 deserta
1606 3900 1748 3992 littora,

164 4047 205 4102 et
232 4047 307 4106 tam
337 4027 480 4110 alienae
511 4031 597 4111 illae
630 4041 676 4112 ab
702 4043 801 4130 omni
826 4029 927 4113 metu
954 4052 1083 4130 eraut,
1126 4050 1168 4109 ut
1191 4039 1360 4110 manibus
1387 4046 1623 4129 caperentur,
1651 4031 1751 4148 ”¹⁸¹5

46 4225 62 4250 .,
161 4177 291 4259 tueque
315 4170 471 4244 fustibus
498 4175 765 4246 occiderentur.
817 4177 861 4246 In
887 4189 988 4246 tanta
1012 4186 1136 4244 autem
1151 4166 1362 4242 huiusmodi
1385 4171 1508 4242 arium
1525 4166 1747 4258 frequentia,
1810 4261 1815 4266 ι

160 4299 366 4389 specierum
392 4305 591 4378 discrimen
618 4331 707 4379 raro
734 4310 998 4384 inveniebatur.
1145 4287 1150 4291 ’

258 4429 316 4546 Ad
330 4433 632 4510 Promontorium
649 4441 841 4513 Bantam
858 4443 1020 4535 primum
1040 4439 1229 4515 taranicos
1246 4438 1336 4508 fines
1349 4434 1517 4526 ingressi,
1533 4443 1615 4526 post
1633 4433 1749 4502 breve

157 4575 315 4656 tempus,
342 4569 464 4640 multis
492 4574 665 4646 Coralliis
690 4575 954 4670 Malluscisque
979 4573 1121 4664 onusti,
1149 4572 1189 4642 in
1201 4534 1311 4644 bases
1330 4592 1456 4638 rursus
1475 4565 1747 4636 inscenderunt.

255 4699 497 4794 Besslgflltule‚
526 4731 596 4808 qua
622 4714 786 4806 excepit,
815 4723 853 4781 et
877 4709 1111 4798 liberalitate,
1142 4729 1213 4800 qua
1225 4705 1398 4774 tractarit
1410 4725 1471 4770 eos
1484 4699 1579 4771 -Vir
1596 4695 1749 4769 excel-

160 4829 465 4928 lautissimus,
487 4859 679 4912 summus
697 4843 842 4916 Insulae
859 4844 1163 4928 Praefectus,
1188 4838 1335 4907 labores
1354 4821 1591 4906 etmolestiae
1607 4827 1750 4898 itineris

158 4974 304 5053 pensata
321 4980 418 5036 sunt.
446 4969 515 5040 Ille
524 4966 595 5041 Vir
613 4977 938 5050 excellentissimus
950 4975 1136 5051 licentiam
1150 4970 1194 5040 iis
1211 4969 1328 5058 dedit,
1346 4961 1667 5052 Buitenaorgi
1685 4959 1748 5028 ha·

134 5069 319 5180 'bitandss
349 5117 423 5184 quo
449 5091 594 5166 facilius
621 5109 772 5191 propter
796 5067 985 5178 salubrem
1011 5100 1135 5174 ae‘rem
1153 5099 1295 5177 ,Indico
1315 5098 1423 5173 coelo
1449 5096 1718 5200 adsuescerent.
