4692 6142
573 591 707 646 xuvttt

691 805 782 876 lude
825 803 924 877 XXI
963 806 1023 880 dis
1064 805 1291 902 Septembris
1340 805 1572 902 Groniugam
1613 805 1754 880 reversi
1787 817 1880 879 sunt.
1953 806 2064 880 Illum
2107 835 2174 906 per

576 959 714 1008 annum
749 937 1026 1013 Swinderen
1035 965 1083 1012 us
1117 939 1262 1014 scholas
1292 964 1375 1012 suas
1400 940 1663 1036 ,explicatiores
1700 938 1830 1011 habuit
1861 941 1907 1012 de
1940 941 2171 1036 animalibus,

578 1073 751 1166 surguine
775 1069 912 1165 frigido
944 1075 1134 1170 praeditis,
1162 1087 1200 1147 et
1225 1076 1272 1147 de
1297 1076 1415 1148 tribus
1441 1073 1580 1168 magnis
1605 1074 2050 1146 invertebratorum
2074 1076 2174 1151 divi·

576 1204 764 1293 sionibus,
802 1205 842 1276 in
876 1205 1008 1300 quibua
1032 1231 1072 1278 se
1106 1233 1127 1278 a
1158 1207 1303 1280 Kuhlio
1327 1230 1404 1280 non
1434 1206 1554 1278 miuus
1580 1207 1743 1276 studiose
1767 1216 1805 1276 at
1829 1206 1976 1299 ingenio
2002 1218 2040 1278 et
2063 1209 2173 1280 mani·

578 1337 648 1406 bus
673 1336 838 1408 adiutum
847 1388 859 1429 ,
887 1350 1015 1410 auctor
1039 1340 1326 1412 modestissimus
1350 1341 1511 1414 affirmat
1525 1367 1536 1433 3
1563 1339 1733 1433 exemplo
1758 1340 1805 1410 sit
1828 1352 2085 1432 apparatus
2109 1343 2172 1412 in-

547 1480 813 1568 ‚sectorum
840 1469 1164 1564 Kohelianus,
1203 1498 1334 1569 quem,
1370 1476 1441 1545 isto
1466 1486 1636 1568 tempore
1663 1482 1816 1562 emtum,
1853 1471 2015 1544 Kuhlius
2038 1475 2091 1542 sic
2114 1475 2173 1544 de-

580 1604 750 1699 scripsit,
789 1616 832 1676 ut
855 1617 959 1680 certo
984 1610 1108 1702 paucis
1134 1610 1181 1677 in.
1199 1606 1374 1702 Europae
1399 1609 1531 1678 muscis
1557 1609 1695 1676 insecta
1722 1606 1906 1698 descripta
1930 1619 2026 1676 sunt.

680 1738 780 1810 Tum
793 1739 894 1810 laudi
916 1742 1029 1810 etiam
1048 1741 1237 1831 tribuitur,
1275 1763 1360 1810 eum
1386 1741 1423 1808 in
1449 1739 1565 1809 Sebae
1599 1739 1854 1827 »Thesauro«,
1887 1761 1995 1832 quem
2031 1738 2171 1810 Swin·

581 1867 788 1942 derenua
813 1872 998 1968 possidet,
1024 1871 1202 1966 pleraque
1226 1871 1425 1967 amphibia,
1453 1874 1506 1943 ibi
1529 1873 1686 1968 depicta,
1713 1873 1848 1968 optime
1874 1869 2073 1962 definiisse,
2101 1896 2171 1965 quo

581 2004 717 2074 summi
748 2006 820 2076 hoc
851 2004 1037 2078 Thesauri
1071 2006 1282 2102 exemplum
1310 2006 1448 2078 factum
1481 2031 1559 2077 esse
1587 2005 1719 2100 pretii,
1752 2028 1865 2099 seque
1886 2004 2170 2075 clarissimorum

580 2148 735 2210 naturae
768 2138 1025 2232 indagatorum
1062 2153 1190 2236 rogatu
1225 2143 1300 2214 iam
1326 2141 1455 2237 plura,
1495 2161 1590 2233 quae
1618 2137 1665 2208 ad
1681 2137 1801 2208 ,istam
1825 2135 2031 2208 tabularum
2056 2136 2171 2207 Sabae

582 2272 862 2366 explicationem
906 2285 1102 2368 spectent,
1143 2274 1382 2346 describenda
1429 2272 1613 2345 curavisse
1662 2269 1868 2363 deindeque
1914 2270 2167 2360 transmisisse,

580 2405 899 2480 Swinderenus
915 2405 1050 2479 refert:
1078 2407 1189 2478 etiam
1202 2406 1285 2478 fieri
1297 2428 1417 2500 posse,
1438 2418 1480 2478 ut
1490 2405 1654 2500 plurium
1670 2403 1839 2476 virorum
1860 2402 2052 2474 doctorum
2073 2403 2169 2472 iussu

446 2593 456 2614 .
577 2538 649 2610 boc
686 2561 800 2632 opus,
836 2538 1145 2634 quemadmodum
1178 2541 1250 2609 iam
1291 2539 1404 2609 iudex
1434 2539 1482 2608 ad
1519 2536 1795 2608 Busfonium
1828 2547 1867 2607 et
1891 2535 2168 2606 Daubento-

576 2673 702 2760 nium
728 2674 778 2744 sit
801 2672 921 2744 editus
934 2724 945 2763 ,
992 2681 1068 2742 tam
1093 2673 1305 2764 disciplinae
1331 2671 1518 2762 utilitatis,
1561 2694 1672 2766 quatu
1697 2671 1854 2742 Kuhlii
1890 2670 2042 2743 honoris
2067 2691 2168 2740 causa

573 2827 654 2876 ase
676 2805 804 2898 proclo
827 2805 1075 2878 submittatur.
1102 2802 1175 2874 Sed
1188 2807 1350 2878 maxime
1375 2817 1503 2879 tamen
1518 2805 1718 2877 dolendum
1739 2815 1813 2896 est,
1840 2802 2022 2876 Kuhlium
2039 2825 2167 2898 propo·

578 2939 713 3028 situm,
748 2938 848 3033 quod
873 2947 1042 3032 ceperat,
1080 2937 1192 3008 totius
1216 2937 1360 3011 Sabae
1386 2940 1474 3013 libri
1497 2939 1721 3034 definiendi,
1757 2962 1835 3010 non
1859 2936 2067 3032 peregisse;
2107 2937 2163 3008 ob

576 3072 670 3144 stitit
695 3086 818 3142 autem
842 3070 922 3156 his,
946 3093 1021 3166 quo
1046 3069 1164 3142 minus
1191 3093 1254 3162 ea,
1287 3074 1473 3170 multaque
1499 3075 1572 3144 alia
1595 3072 1795 3144 clarissima
1822 3092 1935 3165 opera
1959 3068 2160 3164 perficeret,

574 3205 648 3276 iter
680 3205 719 3273 in
749 3202 906 3290 Indiam,
933 3225 1021 3272 mox
1055 3213 1283 3298 susceptum,
1326 3216 1406 3278 tum
1440 3229 1539 3278 mors
1565 3215 1822 3302 praematura,
1861 3222 2050 3296 nunquam
2080 3201 2160 3273 satis

573 3337 678 3410 nobis
705 3335 885 3407 deflenda.

693 3470 757 3540 Sic
794 3467 897 3540 velut
931 3489 978 3538 ex
1007 3469 1210 3566 improviso
1248 3472 1295 3541 ad
1336 3471 1490 3542 alteram
1525 3470 1852 3564 gravissimamque
1878 3468 1975 3540 vitae
1999 3464 2159 3536 Kublii

571 3614 713 3698 partem
738 3600 994 3698 pervenimus,
1030 3603 1140 3676 adid
1165 3614 1323 3699 tempus,
1350 3605 1455 3696 dico,
1489 3628 1562 3700 quo
1587 3628 1627 3676 se
1651 3605 1697 3674 ad
1722 3602 1796 3672 iter
1819 3601 1859 3672 in
1883 3600 2028 3672 Indiam
2052 3621 2158 3696 prae-

560 3736 725 3830 ·paravit
775 3733 864 3807 Hoc
888 3744 1010 3806 autem
1035 3738 1087 3806 its
1110 3736 1250 3810 factum
1274 3747 1339 3808 est

695 3869 806 3942 More
852 3869 965 3942 solito
1007 3870 1112 3947 brevi
1152 3869 1333 3943 feriarum
1380 3880 1547 3965 tempore
1591 3868 1687 3940 festo
1724 3867 1854 3938 natalis
1898 3865 2038 3936 Christi
2079 3863 2158 3934 anni

570 3999 887 4074 MDcccxvtu
923 4003 965 4074 iu
1003 4001 1308 4077 Hollandiam
1352 4002 1559 4098 profectus,
1594 4014 1637 4072 ut
1672 4000 1749 4069 illic
1773 4001 1813 4068 in
1848 3997 2048 4070 maioribus
2081 4019 2160 4064 mu·

569 4134 643 4208 seis
672 4155 757 4210 usu¹
774 4145 1033 4225 cognosceret,
1069 4159 1163 4228 quae
1197 4136 1301 4207 domi
1340 4137 1416 4206 iam
1447 4137 1590 4207 ratione
1623 4133 1788 4225 cognita,
1815 4140 1969 4226 propter
2001 4128 2160 4222 inopiam

569 4277 811 4361 apparatuum
849 4265 1014 4336 nondum
1058 4289 1127 4338 usu
1169 4266 1242 4340 sibi
1274 4267 1536 4361 persuasisset,
1573 4265 1887 4340 Amstelodamum
1925 4285 1966 4332 se
2009 4258 2160 4330 contulit

570 4401 618 4470 ad
649 4398 1039 4493 Tamminckium,
1078 4400 1201 4476 virum
1230 4400 1587 4494 praeclarissimum,
1630 4426 1714 4474 cum
1747 4423 1792 4471 eo
1818 4404 2030 4492 apparatum
2064 4390 2160 4465 defi·

569 4533 715 4603 uiturus
731 4531 902 4626 piscium,
922 4557 1014 4628 quos
1032 4532 1098 4606 ille
1115 4533 1310 4630 superiore
1326 4546 1463 4607 aestate
1483 4559 1505 4608 c
1523 4537 1618 4607 mari
1636 4535 1909 4607 mediterraneo
1929 4541 1993 4600 aut
2007 4529 2087 4623 ipse
2099 4552 2160 4621 ap-

568 4675 794 4758 portaverat,
817 4675 886 4737 aut
899 4679 1101 4763 acceperat.
1127 4638 1377 4763 Incitatusqua
1398 4692 1422 4739 a
1443 4667 1786 4755 Temmincltio,
1812 4674 1855 4734 ut
1869 4663 1990 4736 socius
2011 4662 2047 4731 ei
2065 4669 2160 4732 esset

568 4797 608 4870 in
639 4798 888 4873 describendo
906 4801 986 4874 eius
1001 4801 1178 4896 singulari
1199 4814 1378 4898 apparatu
1397 4801 1681 4892 ornithologico,
1707 4798 1891 4870 delectum
1919 4795 2110 4882 »indicis«,
2136 4813 2159 4858 a

567 4927 816 5006 Luthamio
850 4933 965 5026 editi,
1003 4945 1178 5038 tanquam
1199 4935 1445 5031 prodromum
1469 4935 1675 5028 synopseos
1699 4926 1980 5019 Ornithologiae
2011 4925 2157 4996 univer·

565 5063 651 5136 salis
675 5066 853 5162 suscepit,
879 5089 967 5142 saue
992 5089 1190 5164 operosum
1213 5066 1325 5166 opus!
1366 5090 1441 5166 quo
1465 5065 1625 5137 Kuhlius
1637 5115 1650 5156 ,
1684 5063 1777 5135 duce
1802 5061 1968 5156 principe
1992 5055 2159 5128 ornitho-
