4692 6142
737 606 903 710 Beitrug
925 632 996 683 nur
1020 609 1141 684 etam
1164 607 1392 687 arastum.
1813 615 1863 687 85

361 812 481 927 Syn.
543 808 862 899 Hancornia'
892 810 1151 925 speciosa
1183 810 1364 938 Gomez.
1397 808 1494 898 Act.
1517 806 1661 909 Acad.
1702 810 1860 933 Olisip.

268 958 391 1045 1812.
422 986 466 1072 p.
501 952 570 1043 51.
603 986 641 1042 c.
673 956 729 1043 ic.
758 1004 819 1023 ·-
850 952 1134 1068 Mangaiba
1164 952 1266 1041 Piso
1300 953 1419 1051 Med,
1451 951 1570 1040 Bras.
1609 987 1653 1071 p.
1703 958 1771 1071 76.
1806 1000 1869 1024 -·

261 1096 596 1213 Mangabiba
613 1123 658 1187 et
682 1097 764 1185 Ma
779 1098 972 1215 ngaiba
987 1079 1323 1186 Brasiliensibus
1344 1096 1532 1209 Marcgr.
1554 1092 1673 1180 Bras.
1695 1128 1738 1211 p.
1766 1128 1862 1184 122.

261 1245 397 1356 (icon
437 1244 538 1329 satis
569 1243 711 1353 bona,
747 1242 987 1360 descriptio
1021 1235 1389 1357 elegantissimal)
1407 1288 1469 1305 -
1487 1238 1703 1351 Mangaba
1733 1237 1866 1325 Phar-

262 1414 373 1473 mac.
404 1383 640 1472 Tubalens.
672 1416 716 1501 p.
749 1378 847 1471 256.

305 1519 331 1547 ⁸
359 1530 547 1617 Descr.
607 1528 756 1625 Arbor
788 1526 1021 1615 altitudine
1055 1525 1219 1630 cerasi,
1248 1524 1383 1610 ramis
1408 1522 1722 1630 ¹teretiusculis
1759 1524 1868 1608 arti-

262 1676 419 1763 culatis
450 1704 638 1790 superne
679 1672 1028 1789 subancipitibus
1050 1648 1228 1786 glabriS,
1263 1667 1428 1755 cortice
1450 1666 1659 1782 ruguloso
1680 1668 1859 1751 cinereo

259 1821 519 1911 lactescente
552 1815 734 1904 indutis·
780 1898 784 1915 .
1859 1812 1865 1820 ’

272 1956 284 1973 ’
359 1962 486 2047 Folia
517 1961 742 2076 opposita,
770 1956 1177 2083 sesquipollic'aria,
1221 1952 1441 2070 patentia,
1487 1947 1722 2069 petiolata³‚
1767 1946 1866 2036 elli·

261 2105 398 2221 ptica,
429 2105 476 2187 in
507 2102 676 2221 apicem
707 2102 911 2189 obtusum
942 2100 1189 2217 producta,
1223 2097 1319 2187 basi
1348 2121 1509 2202 acute,
1532 2124 1705 2217 sursum
1734 2093 1866 2211 paul·

259 2246 306 2334 lo
337 2246 520 2349 latiora,
554 2246 862 2358 integerrima,
896 2243 1076 2359 glabra,
1116 2240 1286 2355 rigida,
1332 2241 1553 2346 coriacet,
1589 2237 1859 2347 ,transversis

259 2387 381 2473 venis
412 2388 587 2493 striata,
627 2384 779 2474 subtus
809 2382 1060 2501 pallidiora.
1119 2383 1404 2471 Pedunculus
1435 2381 1704 2487 terminalis,
1750 2378 1859 2466 duas

262 2530 401 2617 lineas
444 2528 601 2643 longus
615 2590 632 2631 ,
673 2530 700 2616 3
728 2578 747 2597 -
772 2530 800 2634 4
832 2528 995 2634 florus,
1026 2526 1212 2613 floribus
1243 2524 1597 2629 subumbellatis,
1630 2520 1861 2649 pedicellis

259 2671 422 2757 lineam
454 2673 595 2784 longis
629 2671 854 2785 angulatis.
888 2669 1050 2758 Calicis
1090 2668 1277 2755 laciniae
1310 2692 1489 2775 ovatae,
1523 2666 1709 2753 ciliatae.
1775 2663 1862 2750 Co·

264 2814 377 2899 rolla
411 2813 588 2899 circiter
619 2810 862 2926 polliceris,
895 2812 1002 2899 tubo
1027 2807 1203 2925 gracili,
1234 2812 1374 2900 limbo
1399 2812 1608 2899 diametri
1628 2806 1749 2934 floris
1767 2810 1862 2895 Jas-

261 2956 373 3043 mini
390 2956 640 3064 officinalis,
659 2956 832 3045 laciniis
846 2955 1047 3071 oblongis
1067 2956 1262 3077 obliquis
1283 2956 1392 3043 tubo
1412 2956 1547 3075 triplo
1563 2951 1857 3043 brevioribus.

264 3206 655 3227 mnu-

385 3352 583 3431 Generum,
609 3354 720 3420 differt
742 3356 860 3439 etiam,
881 3363 1049 3441 quantum
1065 3364 1129 3445 per
1140 3358 1275 3423 iconem
1284 3366 1310 3425 t.
1323 3354 1559 3429 167.divinare
1577 3352 1670 3438 licet,
1685 3354 1860 3443 siquidem

382 3463 437 3529 his
449 3463 657 3530 corollamm
677 3467 782 3533 tubus
803 3469 847 3531 art
871 3460 968 3531 basin
988 3466 1150 3551 amplior,
1170 3463 1298 3531 limbus
1312 3472 1505 3546 contortus,
1521 3483 1666 3553 germen
1685 3460 1857 3531 sulcatum

384 3578 597 3640 sttorosum
623 3583 688 3639 etc.
761 3577 764 3583 ’
973 3651 977 3661 ¹
1398 3649 1402 3657 ⁴
1704 3568 1707 3572 ’
1806 3643 1813 3655 ,

425 3677 554 3745 Barcae
589 3688 744 3745 maturae
766 3674 994 3749 flavescentes
1014 3689 1072 3763 et,
1102 3698 1170 3765 qua
1193 3677 1260 3747 soli
1287 3680 1453 3747 obversae
1474 3673 1635 3762 luerunt,
1662 3674 1775 3748 flavae
1801 3696 1860 3743 ru·
1956 3746 1959 3752 ,

382 3786 511 3872 uroque
544 3785 758 3870 maculatae,
787 3790 894 3855 odore
930 3810 1001 3855 non
1030 3792 1169 3878 ingrato
1197 3797 1302 3876 atque
1328 3808 1452 3873 uapore
1493 3782 1794 3867 dulciaubamaro
1827 3786 1862 3853 e't

318 3983 319 3992 ἵ
382 3894 545 3973 nonnihil
574 3898 830 3984 adstringente,
871 3908 1044 3965 caeterum
1081 3901 1306 3987 gratissim03
1343 3895 1538 3965 esculentae
1559 3898 1688 3982 igitur
1716 3904 1862 3963 suntet

270 3996 274 4004 ’
382 4000 462 4067 licet
473 4002 606 4067 abunde
619 4004 881 4082 nrauducentur,
903 4006 1086 4092 innocuae,
1107 4017 1147 4073 ut
1167 3996 1861 4093 traduntPisolilarcgravinsqtte,

385 4128 461 4173 mea
483 4110 691 4195 suffragante
713 4112 816 4175 etiam
836 4110 1052 4197 aliquantula
1069 4118 1295 4205 experientias
1318 4112 1602 4184 Animadvertere
1622 4122 1774 4200 oportet,
1796 4110 1861 4180 bor

383 4210 509 4283 tructus
530 4237 709 4305 nunquam
730 4228 956 4289 maturescere
978 4226 1015 4288 in
1035 4229 1180 4311 arbore3
1201 4246 1281 4291 cum
1300 4227 1464 4292 decidunt
1494 4226 1697 4305 interram,
1725 4231 1787 4288 aut
1815 4224 1862 4289 ab

384 4327 506 4393 arbore
529 4330 781 4415 decerpuntur,
810 4334 888 4397 duri
910 4338 1005 4399 'eunt
1030 4342 1070 4399 et
1099 4333 1188 4401 lacte
1218 4344 1358 4422 turgent
1384 4337 1549 4421 viscoso;
1586 4330 1714 4414 elapsis
1744 4342 1863 4399 tamen

386 4435 518 4523 aliquot
538 4439 658 4505 diebus
679 4440 766 4506 adeo
787 4439 910 4509 molles
932 4445 1098 4529 evadunt,
1118 4454 1158 4511 ut
1180 4446 1218 4509 in
1238 4441 1388 4534 orepfere
1409 4441 1613 4533 liquescant.
1633 4442 1728 4510 Dum
1750 4443 1864 4511 adbuc

386 4545 463 4609 duri
479 4555 587 4627 ¹srurrt,
615 4548 1022 4635 sacebaroco‘mliuntnr,
1050 4561 1090 4618 ut
1117 4542 1278 4619 secrinrfls
1300 4550 1428 4615 mensis
1467 4558 1711 4639 apponantur5
1738 4552 1864 4623 ustiur-

269 4711 283 4721 .
384 4652 480 4720 morli
514 4658 618 4723 etiem
644 4658 680 4721 in
707 4654 885 4747 Europam
916 4664 1109 4729 mittuntur.
1159 4659 1229 4725 Lac
1269 4659 1457 4762 obrosum,
1487 4660 1583 4743 quod
1601 4666 1672 4739 tam
1702 4661 1864 4735 acaeaie

383 4763 497 4828 baccis
527 4764 735 4848 immaturis,
753 4820 760 4851 ,
781 4789 884 4855 quam
926 4768 1124 4839 esauciato
1160 4764 1295 4831 arboris
1326 4765 1452 4828 cortice
1488 4771 1621 4843 manat,
1652 4766 1864 4851 cogitarim

385 4872 518 4957 gummi
548 4868 744 4957 clasticum,
767 4877 878 4941 simile
902 4879 996 4953 eius,
1019 4876 1112 4962 quod
1141 4876 1179 4937 in
1209 4872 1386 4959 Europam
1415 4873 1562 4935 mittitur
1585 4891 1604 4935 e
1625 4868 1738 4956 Pari,
1761 4893 1862 4961 prae·
1959 4926 1961 4930 -

383 4989 541 5067 tarquam
561 4982 655 5069 quod
675 4986 825 5067 minori,
845 4988 898 5051 uti
918 4986 1004 5051 mihi
1023 4987 1138 5051 visum
1160 4990 1226 5064 est,
1247 4984 1396 5049 donetur
1416 4978 1633 5048 elasttcitate.

388 5175 393 5183 .
426 5122 571 5195 Habitat
590 5129 629 5194 in
646 5127 843 5203 Provinciis
862 5126 1092 5197 Bruttiae
1113 5122 1461 5213 septentrionalibus.
1481 5081 1653 5196 Genea
1672 5123 1695 5195 1.
1709 5138 1745 5197 s·
