4692 6142
588 627 666 686 ΠΨ
666 627 719 683 111

589 835 1174 930 cnsitudmibua,.difficultatlbus
1189 847 1228 910 et
1251 836 1425 934 procellis
1443 845 1548 910 tanto
1565 834 1768 910 difficiliori
1783 849 1825 914 et
1834 839 1884 912 im
1889 841 2063 933 peditiori
2076 843 2178 940 lacto,

590 977 773 1076 quantum
798 973 1198 1068 tiarnenbergius
1222 994 1368 1056 summa
1392 973 1530 1063 virium
1555 982 1594 1044 et
1617 973 1757 1076 ingenii
1780 974 2034 1068 contentione,
2060 1001 2178 1076 euque,

591 1137 664 1208 qua
681 1111 857 1202 „eminuit
884 1107 1084 1206 prudentia
1108 1107 1348 1204 praestiterit,
1370 1118 1579 1202 quantaque
1605 1127 1735 1191 rerum
1757 1107 2028 1204 hominumque
2042 1114 2182 1205 peritia,

589 1259 627 1320 et
667 1255 804 1344 quanta
849 1242 960 1316 simul
985 1240 1078 1316 ndo
1123 1253 1161 1314 et
1196 1241 1377 1338 religione
1420 1242 1637 1316 inconcussa
1681 1241 1812 1314 Recte
1859 1221 1969 1335 Sui,
2020 1245 2081 1316 cui
2111 1259 2179 1342 toto

590 1351 713 1456 animo
739 1379 1071 1473 candidissimoque
1097 1377 1336 1474 veneratione
1361 1375 1411 1446 ad
1442 1375 1616 1448 munaum
1648 1397 1766 1470 usque
1797 1375 1897 1449 ritae
1930 1375 2089 1449 halitum
2116 1381 2181 1452 ad-

590 1517 708 1588 dictus
733 1513 824 1605 fuit,
864 1513 1044 1606 regnique
1080 1510 1268 1596 Borussici
1298 1512 1397 1583 bono
1421 1509 1692 1603 commodoque
1716 1519 1762 1580 et
1780 1508 1918 1580 honori
1950 1510 2178 1604 consuluerit,

588 1637 772 1746 nautaque
814 1646 1027 1720 scitissimos
1068 1668 1203 1720 navem
1234 1645 1384 1738 imperii
1415 1665 1484 1738 per
1521 1642 1695 1737 aequora.
1716 1641 1865 1714 turbata
1896 1653 1935 1714 et
1964 1645 2065 1716 inter
2096 1646 2179 1740 ipsas

570 1793 826 1880 ‘tempestates
863 1777 1148 1874 gubernaverit,
1189 1785 1326 1872 quauta
1356 1777 1508 1856 demum
1541 1775 1655 1848 aniani
1684 1775 1896 1868 integritate
1928 1786 1969 1871 et
1993 1782 2179 1852 constantia

527 1963 534 1979 ι
590 1941 668 1990 non
703 1927 847 1988 tantum
890 1913 998 1986 breti
1028 1910 1095 1982 illo
1120 1919 1291 2006 tempore
1331 1882 1508 2004 (sion),
1558 1933 1633 2004 quo
1672 1908 1967 2001 gubernaculum
1993 1912 2178 2004 spontein

591 2051 721 2137 Rama
747 2070 878 2122 manus
905 2048 1105 2140 deponere,
1131 2067 1245 2140 quam
1270 2042 1426 2115 Huius
1450 2042 1665 2138 patriaeque
1682 2042 1881 2118 commodo
1906 2045 2072 2118 alienum
2087 2065 2178 2138 prae

591 2185 695 2256 ferre
721 2181 931 2273 maluerat,
970 2181 1037 2254 sed
1070 2203 1158 2251 mox
1189 2179 1357 2262 irruente
1388 2176 1639 2248 calamitatum
1671 2187 1709 2248 et
1740 2178 1982 2251 vexationum
2007 2178 2177 2250 hostilium

591 2319 716 2408 turba,
740 2329 780 2390 et
804 2315 915 2392 fidem
941 2316 1128 2409 antiquam
1152 2315 1401 2408 pietatemque
1425 2334 1514 2404 erga
1538 2312 1690 2384 Rasum
1714 2309 1897 2394 Elusouu
1924 2312 2089 2384 Donum
2108 2309 2178 2384 Au·

491 2483 494 2489 ⁴
594 2464 775 2542 oberant,
804 2463 843 2523 et
867 2451 957 2522 Suo
982 2449 1124 2520 nomini
1148 2449 1332 2519 honorem
1357 2446 1646 2542 dignitatemque
1681 2447 1908 2535 servaverit,
1948 2448 2043 2522 liaeo
2067 2457 2103 2516 et
2124 2467 2176 2516 re·

589 2587 691 2684 liqua
722 2583 884 2675 virtutis,
905 2581 1073 2680 profecto
1104 2604 1178 2650 non
1206 2580 1390 2673 uulgaris,
1419 2581 1553 2651 merita
1576 2580 1638 2649 hic
1661 2601 1862 2674 exponere,
1889 2603 1959 2653 uec
1981 2579 2179 2654 Academias

594 2732 741 2794 nostrae
768 2730 847 2807 est,
863 2739 932 2787 nec
955 2739 1025 2812 per
1049 2715 1188 2788 sirium
1212 2715 1504 2808 notitiarumque
1538 2714 1775 2806 exiguitatem
1806 2736 1985 2808 umquam
2018 2715 2108 2788 mihi
2130 2735 2177 2782 su·

591 2851 767 2946 mepdum
793 2848 908 2942 forct3
934 2847 1160 2943 sperandum
1187 2868 1292 2936 vero,
1319 2860 1497 2941 certoque
1521 2848 1829 2942 praevidendum,
1846 2871 1936 2919 mox
1960 2849 2071 2942 digna
2092 2855 2176 2916 tanto

592 2986 689 3058 Viro
715 2986 897 3078 tantisque
922 2982 1033 3054 rebus
1065 2981 1176 3078 gestis
1205 2992 1452 3073 ,monumenta
1484 2981 1837 3078 ahistoriographis
1868 2982 2071 3056 scitissimis
2100 3001 2177 3052 con-

594 3121 711 3192 ditum
739 3119 799 3188 iri.
1228 3114 1231 3120 ’
1956 3122 1959 3128 ’

694 3239 888 3347 Quantum
913 3273 1006 3328 tero
1036 3249 1173 3322 saciant
1198 3273 1258 3323 res
1283 3251 1463 3324 adversae
1487 3248 1733 3344 fortunaeque
1759 3248 1882 3344 lapsus
1908 3251 1956 3322 ad
1981 3248 2177 3347 spectandos

592 3388 815 3480 clariorique
841 3386 925 3456 luce
958 3383 1213 3456 adfundendos
1237 3384 1447 3481 ¹hominurn
1483 3384 1625 3455 animos
1658 3395 1698 3456 et
1730 3384 1911 3476 uirtutes,
1947 3386 1991 3456 in
2013 3385 2176 3457 Nostro

592 3545 741 3618 quoque
766 3520 910 3614 egregie
937 3519 1063 3592 ridere
1090 3517 1206 3588 licuit
1246 3518 1392 3591 Furore
1417 3518 1518 3588 enim
1545 3528 1583 3588 et
1605 3517 1724 3611 gratia
1747 3518 1938 3611 singulari,
1966 3541 2078 3614 quam
2096 3508 2178 3608 apud

576 3651 744 3728 ¹Retenta
768 3656 922 3746 inierat,
951 3653 1031 3748 pari
1047 3651 1159 3724 modo
1172 3650 1239 3721 illo
1255 3653 1364 3721 etiam
1381 3661 1574 3751 tempore,
1594 3674 1669 3748 quo
1694 3650 1821 3722 nubila
1837 3651 1954 3724 solem
1968 3653 2106 3746 patriae
2122 3645 2175 3716 ob·

591 3799 772 3884 tegerent,
800 3797 1012 3861 constanter
1034 3807 1138 3878 usus,
1165 3795 1206 3855 et
1231 3807 1253 3852 a
1276 3783 1409 3874 Rasa,
1438 3783 1565 3874 Quem
1590 3805 1688 3854 anno
1719 3783 1814 3856 1806
1841 3782 2125 3878 Regiomoatum
2145 3786 2176 3846 et

590 3921 810 4012 Memelium
836 3932 1011 4016 sequutus
1039 3928 1139 4008 erat,
1175 3930 1215 3989 et
1248 3917 1376 3988 Omns
1407 3916 1591 4012 supremis
1613 3917 1683 3993 sub
1710 3919 1879 4013 auspiciis
1908 3920 1998 3991 inde
2031 3920 2076 3990 ab
2106 3910 2177 3984 anui

597 4060 690 4146 1807
718 4055 824 4126 initio
861 4052 1049 4146 usquead
1082 4052 1180 4148 pacis
1215 4040 1442 4138 'Pilsitiunae
1464 4048 1771 4144 compositionem
1803 4047 1865 4148 (d.
1890 4056 1915 4128 9
1940 4052 2030 4124 lulii
2063 4038 2176 4137 1807.)

525 4191 530 4202 “
593 4189 834 4262 relationibus
853 4185 1002 4278 imperii
1028 4183 1075 4254 ad
1092 4197 1237 4255 exteras
1258 4194 1385 4276 gentes
1400 4184 1601 4278 dirigendis
1614 4183 1814 4258 indefessas
1829 4186 1932 4280 'vires
1946 4183 2175 4281 impenderat,

592 4325 693 4394 inter
717 4319 948 4392 fidelissimos
972 4317 1110 4388 amicos
1134 4317 1283 4388 habitus
1308 4328 1374 4389 est.
1417 4317 1550 4412 Neque
1574 4320 1730 4395 cessarit
1753 4319 1798 4390 Is
1832 4341 1902 4414 per
1920 4319 2024 4410 ,istud
2049 4329 2176 4414 quoqttt

589 4469 756 4549 tempus,
785 4463 962 4550 quantum
988 4475 1037 4523 ea
1059 4451 1172 4548 Eius
1186 4451 1351 4524 ratione.
1366 4451 1539 4546 licuerat,
1566 4453 1703 4524 litteris
1727 4453 1946 4547 artibusque
1962 4465 2001 4524 et
2018 4431 2175 4537 institutit

590 4589 763 4692 publicis,
790 4587 837 4658 ad
860 4585 995 4658 harum
1020 4583 1249 4679 disciplinam
1271 4583 1508 4686 facientibus,
1535 4585 1791 4661 Maecenatem
1816 4595 1856 4656 et
1879 4582 2176 4658 Tutoremdese

593 4733 781 4820 praestare
802 4720 1122 4812 studiosissimum,
1147 4718 1292 4814 qualem
1307 4718 1381 4790 iam
1398 4720 1544 4816 pridem
1557 4721 1675 4813 Regia
1693 4719 1890 4792 Academia
1906 4719 2052 4792 Artium
2066 4725 2102 4787 et
2115 4704 2175 4780 Rei

592 4857 881 4940 aedificatoriae,
898 4853 1002 4926 cuius
1013 4852 1259 4941 curatoriam
1270 4875 1367 4922 auno
1384 4851 1606 4923 18oofactus
1622 4862 1717 4943 erat,
1731 4851 1951 4926 laetabunda
1961 4847 2174 4949 cognoreral·

692 4991 934 5085 Posteaquam
961 5011 1034 5083 pax
1059 4985 1254 5056 Tilsitiana
1268 4986 1388 5078 Regni
1414 4985 1602 5069 Borussici
1619 5007 1678 5053 res
1695 4984 1798 5085 etad
1822 4998 1969 5058 exteros
1991 4981 2172 5074 relationes
2288 4970 2289 4977 ἵ

591 5125 701 5206 modo
736 5136 774 5194 et
804 5122 1016 5218 conditione
1049 5129 1269 5226 mutaverat,
1292 5118 1408 5210 cuius
1445 5117 1682 5191 acerbitatem
1721 5140 1832 5190 nemo
1873 5118 1983 5193 facila
2017 5109 2166 5214 gratiWs
