4692 6142
1688 639 1793 704 mx

194 875 305 970 logo,
334 858 371 946 ct
396 871 531 952 eximia
555 873 633 943 eius
652 855 881 943 ¹bibliotheca
906 871 1090 961 adhibita,
1118 869 1275 964 insignes
1302 835 1447 966 quidem
1467 866 1556 939 fecit
1577 893 1790 964 progressus

194 1017 235 1084 in
267 1007 428 1078 externis
465 1005 593 1079 aribus
625 1002 906 1098 cognoscendis,
934 1023 1062 1076 verum
1098 1007 1221 1098 quod,
1253 1002 1487 1076 multitudine
1511 1025 1632 1097 nuper
1656 1007 1792 1076 inven-

194 1149 343 1230 torum,
372 1138 589 1233 ampliorum
615 1138 725 1207 etiam
751 1140 900 1209 demum
925 1136 1235 1210 inveniendorum
1260 1163 1345 1233 spe,
1374 1161 1421 1208 ex
1438 1138 1515 1208 istis
1534 1140 1788 1231 proveniente,

162 1313 166 1318 -
198 1263 409 1364 diremtum,
453 1271 615 1369 »tabulis
639 1271 711 1342 illis
737 1271 864 1365 pictis«
894 1269 1105 1366 (Plancdes
1130 1269 1337 1368 eolorie'es)
1368 1273 1496 1360 cessit,
1533 1294 1628 1364 quae
1653 1296 1749 1341 nune
1772 1297 1795 1339 a

198 1405 517 1480 Temminekio
544 1417 583 1476 et
608 1402 866 1498 Laugierio
891 1405 1063 1476 eduntur.
1131 1409 1135 1416 '
1350 1493 1353 1496 ‚

291 1539 394 1610 Dum
420 1538 583 1610 Kuhlins
607 1536 873 1610 Amstelodami
900 1538 1004 1632 operi
1030 1539 1288 1623 incumbebat,
1316 1537 1656 1610 Swinderenus
1683 1536 1838 1618 Gru-A„

196 1672 329 1762 ningae
362 1671 500 1771 accepit
534 1671 726 1766 epistolam
738 1719 751 1762 ,
798 1692 871 1764 qua
903 1667 965 1740 ille
998 1664 1207 1762 designatus
1239 1684 1295 1739 est
1320 1669 1457 1759 itineri,
1495 1669 1642 1762 publico
1668 1680 1789 1739 sumtu

194 1802 396 1876 subeundo.
770 1777 777 1782 ⁵
1361 1781 1376 1805 '

293 1932 353 2006 Ad
369 1931 552 2005 Knhlium
568 1943 691 2004 autem
709 1936 827 2028 ipsum
847 1932 898 2003 ab
914 1913 1244 2006 illustrissimo
1265 1935 1392 2026 viro,
1412 1934 1552 2028 Regis
1571 1934 1790 2018 Ministro

195 2080 232 2139 et
262 2067 495 2139 Adiutore
521 2065 859 2158 consiliorum,
897 2089 1015 2163 quae
1052 2069 1107 2138 de
1141 2067 1348 2160 publicis
1375 2067 1610 2138 edocendi
1638 2069 1789 2138 insti-

196 2200 331 2290 tutis,
359 2210 404 2270 et
427 2199 692 2271 industriae
715 2191 852 2293 opera
871 2211 909 2271 et
929 2199 1135 2272 coloniis
1154 2201 1426 2295 capiuntur,
1454 2201 1602 2272 litterae
1626 2201 1790 2295 perlatae
1828 2236 1835 2243 ·

196 2345 293 2422 sunt,
313 2334 351 2402 in
366 2333 496 2427 quibus
513 2329 757 2428 haec‘scripta
780 2344 907 2410 erant:
938 2335 1066 2427 »Quae
1081 2335 1127 2405 ad
1145 2333 1790 2429 RegemPotentissimumtre-
1909 2363 1926 2378 ,

194 2466 268 2538 lats
279 2467 351 2537 sint
364 2467 411 2537 de
424 2467 502 2537 eius
513 2467 551 2536 in
561 2465 711 2561 singulis
723 2478 875 2539 naturae
888 2465 1233 2564 historiaepartibus
1246 2469 1468 2559 eruditione,
1481 2469 1781 2560 iamiamparata,

195 2597 242 2671 de
257 2599 469 2694 disciplinae
484 2601 627 2689 studio,
672 2612 709 2672 ct
732 2600 777 2670 de
798 2622 964 2690 summo,
998 2621 1072 2693 quo
1097 2597 1248 2688 flagret,
1277 2597 1563 2668 excolendsrum
1589 2601 1725 2671 virium
1750 2609 1789 2668 et

194 2731 381 2822 augendae
408 2731 626 2800 eruditionis
651 2731 807 2819 ardore,
836 2731 997 2800 animum
1015 2703 1157 2821 Regis
1184 2727 1385 2801 advertisse
1404 2729 1454 2799 ad
1475 2753 1580 2818 eum,
1613 2742 1785 2824 tanquam

162 2875 166 2884 “
195 2863 399 2950 iuvenem,
443 2861 506 2953 qui
549 2883 633 2930 eum
673 2859 797 2930 fructu
831 2885 947 2932 unam
1001 2871 1063 2929 aut
1098 2859 1222 2955 plnres
1272 2859 1429 2932 civitatis
1480 2860 1643 2932 colonias
1685 2865 1788 2933 obire
1832 2904 1836 2908 -

199 2993 338 3086 possit,
378 3003 421 3062 ut
437 2991 557 3062 adbuc
581 2993 810 3064 absconditos
833 2993 1051 3083 thesauros,
1091 3015 1181 3087 quos
1198 3004 1331 3064 natura
1354 3003 1429 3064 tam
1448 2993 1550 3087 large
1568 2994 1788 3106 illic·reclu·
1892 3061 1899 3068 .

199 3126 282 3216 dit,
316 3125 355 3196 in
382 3124 552 3198 notitiam
589 3127 754 3199 virorum
785 3126 976 3198 doctorum
1004 3127 1144 3220 patriae
1172 3137 1211 3198 et
1239 3127 1352 3198 totins
1386 3127 1558 3222 Europae
1585 3128 1785 3222 proferat«
1853 3113 1856 3116 ’

307 3255 453 3328 Eodem
500 3256 582 3330 fere
635 3275 803 3354 tempore
856 3257 1085 3330 Minister
1139 3258 1539 3350 illustrissimus,
1587 3260 1799 3354 plurimum

199 3414 289 3487 opus
338 3413 415 3462 esse
460 3402 561 3463 ratus
605 3393 651 3462 ad
685 3393 758 3466 iter
791 3416 874 3464 cum
916 3391 1041 3464 fructu
1074 3391 1363 3486 perficiendum,
1399 3403 1442 3462 ut
1483 3391 1662 3482 Kublius,
1707 3408 1791 3466 ante

199 3549 310 3620 quem
345 3503 443 3596 viam
483 3525 769 3620 ingrederetur,
807 3523 1039 3622 complexum
1065 3537 1176 3621 atque
1201 3524 1379 3620 gradum,
1418 3547 1526 3620 quern
1554 3527 1776 3599 doctrinsin

119 3647 132 3658 ’
193 3657 432 3750 Europeism
458 3671 652 3752 assequuta
677 3669 785 3748 esset,
812 3670 1062 3752 cognosceret,
1089 3657 1207 3752 Regi
1233 3659 1359 3750 suasit,
1386 3669 1428 3730 ut
1453 3657 1556 3728 illum
1578 3660 1791 3731 Londinnm
1834 3641 1851 3656 ’

192 3803 303 3886 atque
329 3791 492 3861 Parisios
516 3790 665 3885 publico
690 3801 813 3861 sumtu
838 3791 1021 3886 proficisci
1047 3792 1204 3862 iuberet.

291 3921 379 4014 Quo
404 3934 616 4007 commotus,
633 3925 758 3994 animo
783 3921 944 3994 Kuhlius
969 3923 1068 3995 hunc
1092 3923 1268 4016 nuncium
1297 3925 1505 4017 acceperit,
1542 3926 1572 3992 si
1598 3924 1721 3993 verbis
1744 3925 1793 3993 ad

193 4054 231 4125 id
265 4053 522 4148 explicandum
547 4078 638 4150 opus
672 4057 742 4146 sit,
782 4069 999 4150 argumento
1024 4067 1135 4128 erunt
1160 4055 1328 4145 litterae,
1365 4056 1411 4125 ad
1438 4055 1791 4126 swinderenum
1891 4034 1895 4038 ⁵

194 4188 364 4279 scriptae,
393 4211 488 4282 quae
514 4186 606 4258 haec
630 4187 788 4259 habent:
817 4187 1010 4261 »Nuncius
1037 4191 1108 4261 iste
1133 4191 1187 4260 sic
1211 4213 1272 4259 me
1298 4187 1499 4277 concussit,
1535 4198 1577 4256 ut
1594 4210 1683 4281 prae
1708 4211 1795 4281 gau·
1880 4283 1886 4289 1

195 4317 271 4404 dio,
299 4319 386 4413 quid
410 4307 571 4414 agerem,
599 4343 674 4392 non
690 4321 879 4394 haberem.
916 4321 1066 4417 Magnas
1093 4321 1213 4415 Tibi
1237 4332 1275 4392 et
1302 4318 1633 4391 Tamminckio
1659 4322 1793 4411 gratias

195 4447 339 4538 debeo,
377 4455 444 4524 n'eo
477 4478 639 4550 unquam
673 4477 721 4525 ex
751 4455 931 4528 memoria
956 4453 1134 4544 excedet,
1186 4463 1322 4546 quanta
1350 4424 1530 4521 beneficia
1555 4451 1629 4520 Tu
1665 4453 1702 4521 in
1728 4477 1788 4521 me

196 4580 404 4653 contuleris.
461 4563 616 4683 Semper
636 4589 727 4660 mihi
750 4589 898 4683 quidem
919 4589 1094 4676 constitit,
1122 4611 1183 4660 me
1214 4598 1334 4657 totum
1374 4585 1503 4656 studiis
1535 4587 1696 4673 dedere,
1730 4586 1795 4655 sed

194 4725 284 4809 quot
308 4739 393 4802 cum
418 4703 685 4811 impedimentis
712 4722 803 4792 mibi
828 4721 1072 4794 dimicandum
1100 4715 1250 4809 fuisset,
1278 4719 1350 4790 nisi
1376 4721 1467 4790 mihi
1493 4719 1722 4809 contigisset,
1750 4727 1792 4786 ut

195 4845 260 4918 Te
292 4872 560 4942 cognoscerem.
619 4853 871 4926 commoratio
905 4877 989 4925 mea
1015 4853 1243 4946 'Groningae
1283 4853 1376 4926 mibi
1410 4866 1581 4947 pergrata
1620 4827 1698 4920 iam¹
1719 4849 1791 4920 icit

194 5003 414 5078 semperque
428 4985 522 5080 erit,
548 5007 668 5080 neque
693 5011 853 5083 unquam
880 4991 1076 5060 immemor
1100 5011 1165 5058 ero
1191 4973 1438 5058 iucundorum
1463 4986 1628 5075 dierum,
1650 4987 1789 5078 quibus

194 5113 245 5187 ibi
271 5140 329 5188 me
355 5117 531 5192 excolere
555 5117 814 5213 incipiebam.·«

1382 5281 1411 5350 g
1455 5307 1461 5317 .
