4692 6142
555 2433 1596 2614 ·-rnananrruſj

984 2799 1247 2820 ..κιαι-...ιη

322 3332 390 3497 Ρ
393 3435 451 3496 ost
476 3401 1117 3498 absolutam'daoimonctorum
1132 3420 1385 3498 Volumina
1398 3407 1591 3520 primam
1608 3422 1817 3516 Nauorum,
1831 3448 1926 3521 quae

316 3552 626 3646 appellabantur,
653 3550 832 3624 Actorum
850 3551 1061 3638 Decadem,
1091 3549 1298 3640 Volumen,
1327 3551 1434 3646 quod
1452 3551 1564 3622 hodia
1584 3551 1722 3642 prodit,
1739 3552 1923 3622 secundas

323 3683 484 3754 Decadis
509 3685 706 3778 primum
733 3707 889 3755 numero
925 3684 1186 3779 appellandum
1210 3681 1364 3772 fuisset,
1397 3683 1469 3753 nisi
1494 3685 1618 3753 animo
1645 3682 1825 3779 quaedam
1855 3708 1926 3754 oc·

323 3785 544 3908 currissent‚
578 3837 674 3912 quaa
698 3817 981 3912 persuaderent,
1012 3830 1074 3908 ut,
1102 3815 1266 3912 paullum
1292 3817 1331 3884 in
1357 3816 1428 3886 hoc
1452 3840 1475 3885 a
1500 3817 1685 3887 maiorum
1709 3828 1925 3887 nostrorum

323 3950 490 4020 instituto
525 3949 783 4042 deflectentes,
810 3951 1091 4046 posthabitoque
1132 3948 1363 4020 Actorum
1396 3960 1641 4040 veterum,
1682 3947 1821 4018 'l'omos
1858 3969 1926 4041 per
1967 3943 1970 3947 ’

296 4081 481 4176 .singnlas
525 4081 694 4154 Decadas
735 4107 756 4152 a
796 4085 917 4178 primo
964 4105 1120 4155 numero
1157 4083 1426 4176 repetentium,
1453 4082 1661 4177 [examplm
1695 4080 1924 4157 Novorum

327 4213 563 4286 Actorum
589 4216 723 4288 dehinc
749 4218 959 4290 continuam
985 4217 1119 4289 seriem
1144 4218 1413 4288 induceremus.

381 4372 544 4454 “Movit
568 4369 636 4453 nos
670 4391 756 4454 anta
782 4383 907 4453 omnia
930 4382 1036 4476 illud,
1075 4385 1174 4480 quod
1208 4386 1413 4481 simplicem
1439 4405 1683 4456 numerorum
1715 4381 1850 4488 seriem
1886 4381 1926 4453 in

327 4507 479 4580 citandis
503 4514 751 4588 uoluminibus
786 4519 923 4590 nostris
956 4520 1146 4592 minimam
1172 4545 1345 4593 errorum
1371 4524 1565 4593 materiam
1598 4518 1778 4614 praebere
1797 4515 1927 4588 'existi-

325 4665 533 4735 maremus,
566 4649 665 4720 illam
697 4651 919 4745 duplicatam
954 4666 1085 4725 contra
1117 4658 1344 4749 maximam3
1379 4654 1473 4724 'nam
1502 4653 1613 4723 huius
1645 4648 1754 4742 culpa
1786 4646 1924 4717 factum

329 4799 422 4866 essa,
450 4788 512 4867 ut,
539 4779 746 4878 ubicunque
763 4784 844 4858 lero
860 4797 1074 4861 veterum
1100 4788 1326 4864 Actorum
1347 4787 1498 4883 aliquod
1520 4783 1696 4859 volumen
1723 4778 1925 4851 secundum

324 4931 536 5002 numerum,
565 4911 610 4982 ab
637 4917 845 4990 auctoribus
871 4919 1105 5015 adnotatum,
1134 4923 1306 5015 evolvas,
1341 4922 1403 4998 vel
1427 4921 1473 4991 ad
1498 4919 1609 4989 aliam
1635 4915 1811 4986 decadem
1837 4935 1927 4986 mox

325 5043 484 5118 transire
525 5067 615 5140 opus
649 5045 721 5134 sit,
768 5049 830 5122 rel
868 5053 998 5125 decadi
1028 5055 1252 5151 adscriptum
1288 5077 1486 5133 numerum
1519 5049 1725 5141 volumini,
1769 5045 1827 5122 rel
1858 5046 1929 5140 ipsi

328 5153 489 5273 denique
523 5173 709 5252 volumini
724 5201 727 5208 ’
743 5179 856 5256 alium
890 5188 1149 5288 diversumque
1184 5192 1352 5264 tribuere
1384 5208 1604 5278 numerum,
1649 5183 1691 5254 in
1726 5204 1799 5279 quo
1825 5159 1927 5252 certe
