4692 6142
523 543 620 603 mr

520 751 798 846 naurmarimi,
816 749 1162 851 quem-Nostrum
1185 763 1312 848 posteo
1322 753 1487 835 salutare
1501 756 1609 828 nobis
1626 752 1753 846 licuit,
1769 778 1857 826 cura
1878 766 1917 825 et
1938 750 2123 852 ἀκριβιία,

520 887 625 980 isque
650 907 856 975 successus,
882 895 930 954 ut·
948 883 1139 974 Noster,
1176 898 1366 980 postquam
1398 889 1612 959 adolescens
1626 885 1769 975 ¹adbuc,
1793 889 1859 959 rix
1883 910 1995 958 annos
2031 912 2123 982 sep-

522 1017 705 1090 tendecim
731 1013 898 1106 habens,
917 1014 1071 1110 patriam
1096 1013 1305 1088 litterarum
1320 997 1609 1090 Universilatem
1626 1015 1928 1119 Goettirgensem
1953 1018 2118 1110 adiisset,

524 1151 740 1245 duobusque
764 1150 895 1240 annis,
922 1161 959 1224 et
985 1150 1083 1244 quod
1108 1148 1299 1239 excurrit,
1320 1152 1373 1224 ibi
1397 1149 1634 1232 incontinua
1657 1175 1742 1222 cum
1768 1147 1887 1222 Musis
1911 1152 2117 1223 acrioribus

521 1283 786 1378 Themidisque
811 1281 1063 1375 sacerdotibus
1084 1282 1275 1356 consortio
1296 1282 1478 1378 peractis,
1503 1283 1623 1355 studia
1646 1281 1913 1354 iurisscientiae
1938 1294 1977 1352 et
2002 1285 2119 1376 diplo-

519 1416 678 1488 maticae
703 1440 746 1485 ac
770 1414 941 1510 politicae
964 1417 1156 1506 doctrinae
1178 1418 1219 1486 in
1247 1416 1445 1490 Academia
1469 1413 1655 1509 Lipsiensi
1678 1435 1751 1509 per
1772 1437 1909 1486 annum
1933 1414 2118 1488 absolvis-

521 1563 596 1641 set,
625 1550 689 1622 illa
712 1550 871 1622 ineuntis
896 1549 1096 1622 iuventutis
1121 1558 1260 1638 aetate,
1296 1568 1367 1644 qna
1391 1545 1456 1618 alii
1489 1544 1597 1619 multi
1628 1543 1852 1620 eruditionis
1882 1546 2116 1618 academicae

522 1681 747 1753 hauriendae
758 1679 897 1752 limina
929 1681 994 1754 rix
1026 1682 1246 1774 transgressi
1277 1695 1383 1768 sunt,
1424 1683 1570 1752 iamiam
1600 1683 1796 1803 ‹rlpctrinae
1834 1692 1948 1776 atque
1978 1683 2118 1751 artium

523 1817 769 1886 humanarum
770 1818 900 1916 copia
925 1810 1136 1920 ingeniique
1161 1812 1422 1907 expolitione
1411 1816 1544 1908 msigni
1564 1812 1738 1908 aequales
1755 1814 1891 1884 multos
1913 1826 2118 1906 superaret„

526 1947 637 2018 Unde
662 1947 819 2036 factum,
847 1959 889 2018 ut
915 1949 991 2016 Is'
982 1973 1053 2016 tarn
1081 1953 1488 2037 ann017'70‚annum
1515 1943 1614 2018 vitae
1636 1939 1860 2038 vigesimam
1879 1962 2007 2059 agens,
2034 1969 2119 2014 ma-

526 2093 632 2151 turus
658 2075 930 2174 perdignusque
955 2103 978 2148 a
1001 2080 1140 2172 patriae
1167 2101 1340 2172 supremo
1374 2081 1588 2172 magistratu
1618 2076 1872 2166 inveniretur,
1905 2024 2119 2172 cuigsditos

528 2213 573 2282 ad
600 2205 782 2282 officiaet
767 2207 1097 2304 tpracrogativam
1133 2209 1506 2284 administrandorum·
1537 2211 1723 2283 bononun
1746 2196 1999 2304 reipublicae,
2031 2233 2120 2278 mu·-

527 2367 669 2438 nosque
695 2340 904 2414 consiliarii
931 2343 1116 2414 Gamerae
1139 2339 1388 2414 conferretur

523 2549 527 2557 ,
629 2476 702 2544 Sed
727 2476 826 2546 haud
857 2475 1025 2546 arridere
1054 2473 1180 2595 pompt
1209 2471 1335 2549 ardori
1364 2471 1547 2568 iuvenili,
1576 2469 1733 2553 ulterius
1762 2421 2047 2574 performandae
2080 2483 2122 2544 et

529 2605 804 2701 amplificandae
833 2619 910 2678 tum
944 2603 1136 2677 hominum
1171 2613 1251 2677 tum
1283 2603 1535 2691 ‘nstitutorurn
1560 2605 1847 2698 litterariorum,
1876 2600 2045 2686 ιιεὸιιοιι
2071 2604 2120 2674 ad

528 2739 731 2834 practicam
757 2716 1481 2835 rerumjuridiaarumpoliticammque
1503 2753 1615 2836 atque
1638 2737 1956 2834 diplomaticarum
1983 2749 2116 2807 tracta-

529 2875 668 2962 tionem
695 2868 922 2963 facientium,
960 2867 1180 2962 cognitionis
1210 2870 1471 2967 cupidissimo,
1505 2873 1652 2970 quietus
1674 2868 1890 2967 adfixaeque
1914 2871 1962 2940 ad
1985 2869 2120 2966 scrinia

433 3005 437 3020 '
531 3024 698 3078 camerae
726 3001 985 3109 rationumque
1010 2997 1151 3072 tabulas
1177 3017 1261 3074 cum
1295 3003 1458 3075 muneris
1488 3004 1639 3098 collegis
1672 3023 1882 3101 consessus,
1918 2999 2121 3096 maluitque
2159 2982 2168 3056 ἷ

527 3137 651 3229 potius
673 3122 862 3203 Noster
865 3134 904 3204 in·
928 3129 1121 3223 itineribus
1145 3135 1193 3211 ad
1218 3145 1365 3224 exteros
1387 3133 1567 3206 faciendis
1591 3146 1629 3205 et
1653 3136 1692 3206 ia
1717 3132 1882 3208 risendis
1905 3156 2119 3226 comparan-

472 3290 473 3294 ’
530 3269 658 3364 disque
684 3263 846 3357 plurium
871 3232 1178 3358 diversarumque
1208 3276 1395 3336 terrarum
1427 3264 1664 3360 gentiumque
1698 3267 1884 3356 moribus,
1919 3277 2119 3341 cousuetu-

420 3379 427 3386 ’
530 3400 675 3468 dinibus
707 3409 744 3466 ct
775 3393 1082 3483 institutionibus,
1112 3395 1352 3490 cominusque
1380 3399 1642 3490 cognoscendis
1671 3400 1783 3490 viris,
1817 3400 1918 3468 inter
1949 3397 2119 3494 aequales

531 3531 794 3602 excelsioribus
824 3527 1275 3623 clarioribusque'„nora
1312 3530 1415 3598 Sibi
1452 3533 1645 3624 acquirere
1684 3556 1798 3624 eaque
1838 3529 2120 3601 foecundissimo

529 3645 702 3767 scientiae
739 3675 789 3758 et!
809 3685 896 3733 usus
927 3660 1079 3756 practici
1112 3661 1267 3750 auxilia,
1305 3685 1452 3756 unaque
1477 3664 1660 3735 rationum
1699 3666 1950 3757 optimarrpn,
1990 3665 2128 3761 quibus·

529 3821 601 3866 non
629 3795 746 3866 solum
775 3796 968 3885 commodo
993 3806 1030 3864 et
1054 3794 1162 3894 saluti
1186 3795 1415 3888 singulorum
1439 3797 1596 3886 cirinus,
1631 3797 1694 3866 sed
1721 3798 1877 3870 civitatis
1902 3798 2029 3890 reique
2055 3817 2120 3887 pu·

529 3929 647 4012 blicae
673 3924 906 4018 consulitur,
928 3927 1265 4018 perspiciendarum
1292 3929 1464 3998 subsidia.
1515 3929 1642 4019 Quare
1673 3929 1745 3998 iarn
1781 3924 1988 4024 insequenti
2024 3951 2119 3997 anno

529 4057 662 4153 (1771)
686 4059 874 4152 omnibus,
903 4081 995 4152 quae
1021 4058 1065 4125 ad
1092 4059 1398 4152 peregrinationis
1422 4061 1615 4131 commoda
1640 4071 1676 4131 et
1701 4063 1939 4132 amoenitates
1963 4061 2115 4180 faciupt,

530 4192 672 4259 abunde
699 4192 919 4277 instructus,
950 4191 1089 4284 patrios
1116 4190 1212 4258 lares
1233 4190 1409 4304 reliquit,
1443 4193 1680 4286 pluriumque
1706 4215 1885 4264 annorum
1909 4193 2090 4287 lempus
2081 4215 2119 4262 m

529 4325 724 4392 itineribus
749 4347 816 4416 per
844 4325 962 4394 varias
989 4335 1222 4416 remotasque
1247 4323 1421 4416 Europae
1454 4335 1573 4394 terras
1611 4349 1756 4394 summo
1781 4349 1864 4394 curn
1898 4324 2118 4396 observandi

531 4455 791 4548 discendique,
826 4454 1002 4548 quidquid
1038 4455 1128 4524 utile
1166 4455 1435 4566 observataque
1473 4458 1620 4550 dignum
1648 4458 1852 4545 inveniret,
1879 4459 1999 4526 studio
2025 4481 2118 4526 con·-

529 4589 668 4686 sumsit.
719 4587 916 4680 Postquam
942 4588 1101 4680 primum
1131 4586 1385 4677 Wetalariae,
1421 4602 1461 4658 ut
1485 4592 1646 4683 practica
1668 4550 1835 4683 negotia,
1871 4573 2120 4683 apud‘iudicii

530 4744 695 4790 camerae
722 4721 873 4814 Imperii
886 4719 1099 4790 Germanici
1123 4723 1285 4816 supremi
1311 4723 1449 4792 curiam
1466 4723 1520 4792 ibi
1546 4723 1633 4792 olim
1664 4738 1777 4815 gesta,
1805 4724 1956 4818 propius
1973 4744 2119 4816 cognos-

531 4866 630 4924 ceret
656 4856 804 4950 ipseque
830 4853 998 4924 laborum
1024 4827 1276 4947 ‘practicarum
1309 4854 1523 4950 participem
1550 4854 1607 4922 Se
1633 4858 1846 4964 praeberet,
1880 4877 1946 4950 per
1972 4853 2119 4946 aliquod

417 5083 422 5096 s
531 5000 675 5082 tempus
701 5003 863 5058 moratus
889 4999 1005 5079 esset,
1033 4999 1111 5057 tum
1137 4986 1377 5080 Ratisbonae,
1405 4986 1639 5059 comitiorum
1666 4988 1848 5086 quondam
1875 4985 2119 5086 imperialium
