4692 6142
445 659 450 668 .
528 592 713 675 Receneio
743 588 929 659 Generum
954 578 1151 653 barbatae
1168 592 1211 659 ,et
1239 580 1491 671 Syntricbiue.
1725 592 1800 663 225

205 802 333 915 plane
356 799 501 911 ignota
527 794 739 907 cuiusque
765 780 1042 898 synonymia,
1076 808 1127 862 ex
1145 800 1378 866 auctorum
1400 777 1554 863 saltem
1576 780 1793 892 diagnosi,
1926 833 1931 851 ·

166 916 333 1027 *valde
365 938 500 1025 dubia
531 956 617 1037 est,
650 951 838 1016 attamen
872 954 959 1011 nou
996 950 1199 1035 possum,
1233 919 1342 1033 quin
1375 948 1591 1025 muscum,
1626 923 1810 1037 qualem

206 1080 499 1167 Dillenius
543 1094 587 1159 et
616 1068 912 1156 Hookerus
943 1060 1159 1147 delineari
1191 1084 1483 1164 curaverunt,
1536 1062 1802 1180 qualemque

208 1225 455 1311 Dicksonus
482 1241 611 1333 atque
644 1210 854 1297 Smithius
885 1206 1237 1319 descripserunt,
1280 1204 1508 1315 propriam
1534 1204 1725 1316 speciem
1757 1228 1802 1293 et
1921 1273 1927 1282 .

207 1364 306 1449 aB.
352 1358 513 1445 murali
555 1354 739 1468 eiusque
782 1344 1001 1433 adfinibus
1033 1374 1135 1430 vere
1173 1342 1392 1429 diversam
1433 1372 1658 1450 censeam;
1706 1346 1805 1459 quie

205 1505 325 1591 enim
370 1528 564 1615 unquam
609 1493 771 1577 hancce
817 1482 975 1575 talibus
1016 1486 1135 1571 loliis
1171 1488 1427 1593 instructam
1465 1482 1604 1589 vidit,
1658 1476 1806 1600 qualia

206 1618 450 1726 monstrant
484 1632 651 1745 figurae
692 1628 878 1714 citatae?
938 1628 1225 1741 summopere
1271 1650 1469 1740 suspecta
1511 1644 1655 1710 autem
1697 1626 1809 1713 mihi

204 1806 306 1868 sunt
338 1779 530 1893 plurima
566 1796 739 1858 nostrae
777 1773 940 1887 speciei
981 1797 1252 1884 synonyma,
1301 1770 1503 1883 inprimis
1536 1770 1803 1883 germanica,

205 1922 371 2039 quippe
400 1943 511 2032 quae
539 1910 878 2028 praecedentem
911 1913 1104 2025 speciem
1147 1912 1292 2023 potius
1324 1934 1519 2025 spectare
1549 1910 1800 2015 videantur,

206 2060 263 2145 ad
308 2088 442 2177 quatu
492 2084 543 2142 ea
599 2084 778 2173 quoque
824 2052 972 2140 retuli.
1053 2050 1291 2135 Rotbius
1330 2061 1387 2136 'et
1435 2048 1808 2137 Hoffmannns

208 2202 403 2317 plantam
443 2194 527 2313 ipsi
569 2227 659 2281 non
679 2196 928 2297 uiderunt,
980 2222 1061 2277 nec
1103 2190 1395 2276 Turnerus
1440 2192 1673 2301 genuinam
1709 2221 1809 2304 per-

206 2341 435 2462 quisivisse
461 2338 658 2442 videtur,
691 2366 792 2421 cum
818 2365 842 2417 a
867 2335 916 2420 Β.
945 2330 1106 2417 murali
1126 2333 1338 2416 suamvix
1360 2330 1582 2417 diversam
1602 2330 1805 2441 haberem

151 2539 166 2564 ψ
206 2485 413 2571 Weber
458 2503 502 2564 et
546 2477 700 2562 Mohr
732 2501 879 2579 autem
915 2474 1116 2587 plantae,
1160 2472 1234 2555 oui
1268 2468 1400 2585 An'gli
1428 2469 1535 2555 folia
1563 2470 1748 2573 obovata
1775 2504 1806 2557 s.

205 2619 498 2709 cuneiformia
522 2615 804 2717 adscribunt,
836 2612 1472 2723 oblongo-lanceolata,
1514 2616 1651 2699 immo
1681 2617 1806 2702 Bri-

208 2762 390 2850 delius
417 2758 665 2867 acuminata
693 2756 959 2862 tribuerunt.
986 2804 1047 2819 --
1072 2754 1365 2859 Bridelins
1398 2754 1584 2873 quidem
1612 2759 1805 2873 plantam

206 2934 329 2991 suam
361 2903 488 2988 huius
517 2902 606 2987 loci
635 2931 725 2986 esse
754 2920 881 3013 negat
919 2930 1104 3016 eamque
1138 2930 1161 2983 a
1202 2899 1440 2987 Tortula
1486 2930 1562 2985 sua
1605 2903 1806 2987 mutina

210 3044 461 3129 distinctam
488 3040 611 3144 vult,
654 3070 785 3157 quam
818 3020 990 3126 scilicet
1008 3041 1225 3129 Barbulae
1249 3042 1514 3129 cuneifoliae
1530 3074 1806 3159 synonymon

209 3207 383 3291 censet,
427 3204 471 3269 at
509 3183 622 3269 hanc
664 3183 718 3277 T.
767 3186 975 3270 mutinam
1008 3182 1137 3296 plane
1176 3180 1481 3297 negligendam
1522 3181 1657 3289 duxi,
1707 3214 1809 3271 narn

208 3324 468 3441 specimina,
497 3338 610 3441 quae'
637 3351 812 3411 mecum
838 3323 921 3409 hoc
942 3323 1121 3408 nomine
1152 3322 1494 3407 communicavit
1520 3323 1582 3408 ill.
1610 3323 1710 3427 vir,
1743 3325 1809 3410 uti

209 3466 319 3569 alia,
341 3492 455 3579 quae
479 3464 614 3577 ipsius
634 3494 768 3549 manu
789 3461 1010 3577 designata
1030 3464 1076 3547 in
1098 3461 1523 3551 Hornscbuchi'i
1545 3455 1804 3555 ebllectione

210 3624 433 3717 prostant,
480 3634 649 3692 meram
678 3606 1040 3718 Encalyptam
1072 3603 1360 3717 vulgarem
1394 3627 1810 3719 repraesentant.-

127 3786 133 3795 ,
210 3744 261 3827 ln
299 3742 416 3828 hisce
460 3748 525 3829 rei
567 3746 773 3865 angustiis
806 3770 1005 3832 auctores
1036 3776 1104 3830 me
1137 3766 1390 3829 excusatum
1422 3742 1635 3849 habeant,
1689 3746 1813 3862 quod
1892 3727 1898 3743 ’

209 3883 384 3997 plantae
405 3882 599 3996 anglicae
628 3918 791 3984 novum
819 3918 979 3972 nomen
1009 3886 1321 4003 imposuerim3
1363 3886 1455 4003 ipse
1481 3916 1582 3974 sane
1597 3952 1611 3995 ,
1641 3887 1687 3973 ni
1708 3918 1808 4002 per-

211 4020 506 4109 turbationem
538 4023 755 4141 adaugere
784 4026 972 4133 vellem,
1014 4059 1106 4145 quo
1137 4026 1273 4111 modo
1306 4030 1435 4115 alitor
1468 4028 1716 4145 rectiusque
1744 4028 1808 4113 ia-

211 4164 351 4266 ciam,
391 4151 762 4282 nonperspicio3
801 4172 890 4259 iam
931 4166 1177 4280 Anglorum
1219 4188 1308 4273 est,
1347 4168 1537 4282 speciem
1567 4197 1692 4253 suam
1724 4168 1806 4252 rite

214 4305 745 4442 tueri.-Hoolrerus,
779 4314 902 4428 qnod
930 4315 1109 4430 iusuper
1135 4308 1408 4400 monendum
1432 4309 1596 4416 habeo,
1613 4309 1808 4425 plantam

213 4466 407 4530 nostram
437 4445 644 4537 Tortulae
686 4451 914 4536 subulatae
947 4446 1221 4563 persimilem
1262 4471 1456 4547 censet„
1486 4480 1677 4567 cumque
1715 4455 1810 4537 eius

219 4586 318 4672 icon
351 4584 502 4671 'I'ort⁴
525 4592 970 4679 mucronisoliae
997 4590 1241 4700 Schwaegr.
1270 4577 1419 4703 quoad
1445 4590 1555 4675 solie
1579 4624 1669 4677 non
1701 4592 1812 4679 absi-

214 4724 333 4814 milis
361 4724 440 4831 sit,
471 4723 584 4811 forte
615 4732 716 4844 quis
742 4756 887 4844 posset
911 4732 1104 4847 opinari,
1130 4730 1183 4814 T.
1209 4729 1495 4815 cuneifoliam
1523 4756 1567 4819 et
1586 4736 1809 4819 mucroni·
1892 4708 1898 4724 ’

210 4867 368 4953 lolium
400 4898 534 4954 unam
567 4870 839 4989 eandemque
858 4893 967 4958 *esse
998 4870 1221 4986 plantam,
1269 4892 1570 4956 verumtamen
1604 4870 1817 4961 Hooltero

215 5004 355 5121 figura
386 5006 786 5124 ,Schwaegrichenii
824 5012 964 5129 probe
997 5032 1099 5096 nota
1135 5011 1269 5101 fuisse
1305 5008 1482 5097 videtur
1514 5036 1557 5099 et
1581 5038 1809 5129 praeterea

1391 5160 1441 5245 29
