4692 6142
507 632 555 705 68
862 612 1156 718 Msxruimmt,
1184 626 1319 697 Pnrnz
1340 611 1400 697 'zu
1421 624 1817 729 Wrno-Nntrwrru,

505 862 719 933 curvum,
762 816 924 934 breve,
978 824 1165 922 nudum.
1208 824 1443 920 Pistillnm:
1481 860 1658 947 germen
1694 858 1889 944 ovatum,
1918 847 2113 935 nectario

501 964 672 1092 'magno‘
687 972 915 1063 discoideo
938 972 1075 1087 duplo
1097 972 1247 1059 latiori
1264 1005 1452 1091 superne
1474 978 1717 1091 marginato
1734 981 2004 1097 impositum,
2027 990 2117 1101 gla.

511 1125 671 1230 brom,
703 1122 914 1241 utrinque
946 1142 1098 1205 sutura
1139 1116 1368 1206 manifesta
1388 1143 1603 1227 notatum,
1636 1154 1765 1242 quae,
1808 1126 1945 1238 altero
1976 1131 2114 1221 latere

506 1268 686 1374 inflexa,
709 1264 917 1379 angulum
939 1248 1182 1349 intrantem
1198 1261 1375 1373 format,
1399 1262 1660 1371 biloculate,
1697 1266 2024 1385 dissepimento,
2059 1278 2114 1365 ab

514 1413 583 1499 axi
601 1399 764 1515 soluto,
792 1434 984 1527 utroque
1007 1409 1204 1521 margine
1224 1408 1269 1489 in
1293 1409 1621 1525 receptaculum
1646 1416 1863 1504 seminum
1890 1441 2114 1533 tumente;

508 1560 661 1673 stigma
682 1555 994 1661 lanceolatnm,
1023 1556 1716 1666 membranaceo-compressum,
1747 1556 2121 1672 glabriusculum,-

513 1702 794 1805 bilabiatum,
827 1697 998 1784 laciniis
1021 1720 1145 1783 acute
1175 1690 1344 1800 bifidis,
1377 1697 1599 1811 superiori
1628 1698 1836 1787 breviori.
1898 1701 2114 1801 fructum

504 1872 727 1935 maturum
759 1876 848 1929 non
879 1842 986 1928 vidi.

609 1967 744 2054 Circa
778 1960 1017 2049 caeteram
1046 1987 1091 2046 et
1121 1956 1179 2045 ad
1208 1960 1289 2045 Rio
1320 1954 1399 2044 das
1430 1958 1607 2065 Coretus,
1636 1962 1839 2051 fluvium.

609 2084 812 2170 Adnot.
862 2112 897 2165 1.
958 2078 1322 2166 Crauiolarra
1364 2109 1596 2167 anuuaa
1642 2109 1790 2170 nostra
1846 2084 1908 2170 ita
1962 2084 2115 2179 distin·

506 2203 681 2322 guenda
714 2224 798 2287 est:

627 2346 704 2433 Cr.
736 2340 938 2465 (annua)
973 2343 1096 2428 caule
1128 2370 1275 2425 annuo
1314 2336 1516 2446 ramoso,
1555 2338 1675 2425 foliis
1697 2342 1906 2430 'cordatis
1946 2348 2113 2463 palma-

508 2491 676 2583 ¹tisectis
709 2488 921 2592 dentatis,
954 2483 1147 2571 corollae
1180 2483 1288 2568 tubo
1320 2479 1455 2566 calice
1486 2480 1757 2571 bibracteato
1788 2486 1986 2601 longiori.

624 2630 825 2717 Aduot.
861 2662 899 2714 2.
963 2627 1035 2714 Ob
1074 2625 1281 2741 germinis
1310 2647 1574 2711 structuram
1606 2627 1796 2714 alienam
1825 2655 1867 2716 et
1893 2632 2101 2717 corollam

512 2776 605 2863 fere
639 2774 886 2887 regularem
918 2773 1152 2888 proprium
1192 2798 1325 2883 genus
1371 2767 1480 2853 olim
1518 2768 1721 2856 duximus
1754 2772 1865 2857 hanc
1896 2774 2099 2889 plantam,
2179 2828 2184 2841 ·

475 2987 478 2993 .
510 2921 634 3041 quod
665 2919 844 3005 nomine
872 2915 1203 3030 Holoregmi
1220 2946 1296 3021 ae,
1329 2910 1373 3032 (a
1400 2910 1534 2996 calice
1562 2934 1654 2998 toto
1682 2908 1831 3025 lisso‚)
1857 2916 1955 3002 loco
1980 2948 2109 3032 supra

517 3070 650 3152 citato
705 3062 973 3179 appellatum
1001 3087 1077 3149 est.
1116 3058 1408 3147 Verumcum
1435 3064 1597 3143 tantam
1620 3086 1722 3142 cum
1748 3056 2114 3146 Craniolaria

512 3235 689 3293 annua
719 3204 824 3289 huic
851 3232 942 3288 esse
970 3200 1309 3288 similitudinem
1334 3200 1733 3315 perpenderemus,
1767 3204 1937 3319 placuit
1964 3216 2113 3292 rursus
2190 3237 2198 3254 ¹

511 3373 746 3464 utramque
775 3345 1066 3480 coniungere,
1101 3344 1244 3431 donec
1284 3344 1533 3432 cuiusmodi
1562 3345 1711 3437 fructu
1736 3348 1954 3466 gaudeat,
1997 3380 2117 3439 corn.

511 3513 688 3609 portum
718 3485 788 3570 sit.

898 3608 902 3615 '
1008 3604 1281 3701 Explicatio
1306 3608 1520 3683 Tabulae
1543 3610 1612 3685 lv.

567 3731 620 3811 A.
675 3729 1424 3806 Craniolariaeunibracteetae
1475 3758 1596 3805 remus
1622 3736 1875 3831 magnitudino
1907 3737 2076 3813 naturali·

612 3860 650 3906 a.
703 3833 811 3904 Calix
834 3832 1050 3925 explanatus
1077 3836 1213 3927 absque
1240 3836 1402 3923 corolla,
1430 3836 1679 3930 magnitudine
1704 3838 1878 3908 naturali.

611 3933 643 4004 b.
696 3932 862 4022 Corolle,
890 3934 937 4002 ed
961 3934 1226 4027 longitudinem
1254 3935 1428 4026 dissecta,
1455 3937 1706 4029 magnitudine
1731 3938 1902 4010 naturali.

612 4058 644 4105 c.
692 4032 878 4103 Pistillurn
902 4058 986 4105 cum
1011 4037 1177 4141 nectario
1202 4036 1398 4130 hypogyno
1424 4037 1585 4111 naturali
1611 4038 1874 4130 magnitudine.

975 4164 1257 4253 Sesamum
1290 4166 1553 4252 indicum
1592 4167 1691 4252 Lin.
1833 4272 1837 4280 „

552 4400 560 4417 ,
616 4308 735 4395 Obs.
760 4307 911 4395 Gaulis
929 4332 1117 4415 erectus,
1146 4307 1311 4395 scaber.
1343 4310 1471 4396 Folia
1492 4312 1621 4432 longe
1640 4309 1867 4426 petiolata,
1896 4310 2110 4431 utrinqne

514 4452 821 4574 pubescentia,
860 4452 1012 4537 subtus
1047 4452 1212 4565 glauca.
1283 4452 1490 4540 Corollae
1529 4454 1651 4540 albae
1691 4454 1878 4541 laciniae
1919 4479 2144 4575 quatuor.

517 4596 766 4719 superiores
797 4593 991 4678 obtusae.
1051 4592 1369 4683 Rudimentum
1401 4594 1614 4685 filamenti
1645 4600 1794 4718 quinti
1825 4600 1960 4687 deest.

637 4739 857 4851 Congruit
888 4767 989 4823 cnm
1020 4734 1160 4851 figura
1192 4739 1309 4856 apud
1339 4740 1637 4855 Rumphium,
1670 4740 1799 4828 Amb.
1829 4742 1883 4831 V.
1916 4740 2003 4828 tab.
2038 4743 2107 4859 76.

519 4886 550 4981 f.
589 4916 636 4992 1,
668 4884 704 4969 si
736 4882 925 4997 excipias
956 4880 1113 4984 flores,
1154 4866 1348 5006 quorum
1384 4887 1570 4973 laciniae
1601 4886 1649 4971 in
1680 4910 1827 4973 nostra
1857 4889 1992 5001 magis
2027 4884 2113 4971 ob·

515 5052 634 5116 tusae
665 5052 778 5116 sunt.
840 5047 882 5130 Θ
1041 5134 1045 5143 ¹

615 5149 686 5236 Ad
715 5145 832 5235 viam
863 5146 1264 5240 Felisbertiam
1305 5149 1352 5235 in
1386 5150 1482 5236 riis.
