4692 6142
1207 90 1248 143 ι*

1300 311 1329 423 i

672 600 678 617 „
703 636 869 735 &teng
890 654 962 719 aar
984 638 1105 719 stara
1127 634 1359 718 Erosium
1783 648 1833 725 19

230 848 438 954 demum,
470 839 687 961 explicata
716 836 904 949 lacinia,
933 838 1010 932 vel
1040 836 1181 935 altero
1208 840 1351 933 latere
1377 841 1452 933 rel
1479 843 1576 962 ipso
1603 842 1653 933 in
1678 842 1831 938 rmdio

162 1066 165 1072 ,
235 990 496 1087 connectivo
532 980 702 1090 dividi,
733 1002 810 1089 ut,
841 980 914 1071 vel
941 980 1131 1100 simplex
1161 982 1343 1077 anthera
1372 985 1531 1097 lateri,
1561 988 1636 1079 vel
1664 984 1830 1110 duplex

229 1135 578 1225 loculamentum
607 1126 822 1245 utrinque
850 1122 933 1213 sub
965 1127 1089 1243 apice
1121 1131 1313 1221 laciniae
1343 1140 1681 1250 coniungantur.

329 1274 571 1365 Pistillum:
613 1294 793 1385 germen
821 1298 1062 1387 superum,
1099 1272 1455 1386 subrot‘undum,
1500 1275 1718 1367 trilobum
1755 1279 1834 1399 (ut

232 1429 278 1513 in
306 1420 471 1528 Allio),
530 1414 817 1526 triloculare3
864 1415 1002 1531 stylus
1041 1410 1291 1526 filiiormis,
1329 1416 1582 1537 periauthio
1621 1417 1830 1531 brevior;

230 1568 384 1681 stigma
413 1561 627 1680 simplex,
658 1560 1043 1649 subincrassatum.

327 1708 539 1803 Fructus:
568 1705 745 1823 capsula
770 1704 1059 1819 subglobosa,
1087 1706 1294 1816 trisulca,
1321 1708 1619 1819 trilocularis,
1646 1710 1833 1830 dissepi-

230 1854 388 1941 mentis
414 1852 548 1938 sulcis
573 1850 812 1968 oppositis,
838 1848 997 1937 loculis
1024 1846 1282 1965 dispermis3
1310 1854 1589 1969 receptaculo
1612 1856 1833 1949 seminum

230 1998 430 2087 centrali.
464 1996 643 2085 Semina
672 2022 932 2111 compressa.
963 2041 984 2061 ·
1011 1990 1239 2091 Maturum
1267 1992 1466 2086 fructum
1496 1993 1826 2085 non'vidimus.

333 2140 562 2229 Observ.
632 2136 785 2226 Genus
826 2136 911 2222 hoc
952 2164 1142 2241 novum,
1196 2137 1368 2225 tametsi
1412 2136 1575 2225 florum
1619 2138 1833 2256 singulari

229 2307 476 2391 structura,
507 2280 695 2369 minutis
728 2309 909 2401 quoque
942 2301 987 2367 et
1015 2280 1245 2367 teneritate
1275 2280 1496 2398 partium,
1527 2313 1553 2367 a
1575 2280 1848 2369 Wachen·-

231 2428 437 2517 dorfiis
477 2430 578 2515 satis
618 2424 831 2541 abludere
876 2423 1105 2532 videatur,
1147 2448 1321 2531 tamen,
1373 2456 1476 2512 cum
1513 2431 1698 2543 propius
1738 2460 1832 2516 rem

228 2568 554 2679 considerabis,
587 2567 707 2657 haud
739 2566 1016 2656 mediocrem
1045 2565 1209 2683 prodet
1237 2597 1348 2685 cum.
1371 2568 1528 2655 iisdem
1559 2553 1831 2660 affinitatem.

225 2684 477 2829 Namque
466 2744 514 2799 ιιι
555 2709 761 2799 omnibus
794 2708 1255 2797 Wachendorfiis
1291 2707 1521 2799 filament'a
1552 2744 1613 2799 ex
1648 2713 1832 2803 interio-

229 2886 330 2943 rum
359 2854 624 2943 lucinianum
655 2852 926 2967 marginibus
962 2874 1110 2939 ortum
1140 2848 1307 2941 ducere
1345 2873 1537 2963 constat,
1585 2884 1832 2973 quaecum

230 2998 278 3085 in
315 3019 464 3088 nostra
501 2996 652 3115 planta
688 2995 935 3086 secundum
974 3016 1111 3084 totam
1149 2995 1476 3160 longitudinem
1506 2986 1695 3115 margini
1727 3030 1833 3087 con·

230 3142 381 3247 tinus,
431 3142 574 3229 lineae
624 3164 793 3229 tantum
831 3172 911 3229 seu
950 3142 1079 3231 nervi
1118 3141 1262 3259 specie
1304 3155 1569 3261 appareant,
1621 3140 1830 3232 antherae

229 3274 335 3401 ipsis
363 3270 540 3371 laciniis
575 3286 661 3371 iam
693 3286 946 3394 inhaerent3
988 3306 1140 3403 estque
1172 3282 1572 3399 Hagenbachi'a
1602 3284 1830 3376 Wachen-

228 3420 401 3513 dorflac
427 3426 554 3547 quasi
585 3424 746 3541 gradus
776 3427 965 3516 inferior
997 3448 1041 3515 et
1067 3425 1371 3549 primordialis
1402 3428 1740 3521 consideranda.

370 3668 762 3787 Hagenbachia
798 3665 1245 3763 brasiliensis‘N.
1272 3694 1318 3759 et
1345 3671 1408 3760 Μ.
1468 3670 1578 3763 Tab.
1605 3671 1660 3761 ll.

324 3855 671 3974 Descriptio.
728 3854 870 3946 Radix
905 3886 930 3945 e
970 3853 1184 3945 fasciculo
1223 3880 1394 3945 constat
1426 3852 1644 3945 fibrarum
1672 3855 1831 3949 filiios·-

227 4001 368 4087 mlum
397 4030 706 4109 carnosarum,
722 4054 725 4061 »
744 4001 956 4091 immixtis
994 4000 1272 4091 tenuioribus
1302 4026 1348 4091 et
1372 4002 1669 4092 brevioribus.
1702 4002 1830 4091 Folia

224 4136 321 4227 iere
351 4140 602 4257 bipedalia,
635 4140 922 4253 conformia,
957 4168 1109 4261 argute
1139 4122 1421 4247 acuminata,
1443 4146 1621 4271 striata,
1652 4146 1827 4236 inferne

227 4305 472 4394 attenuata,
504 4288 698 4376 inivcem
728 4287 995 4407 equitantis,
1027 4314 1148 4379 textu
1177 4290 1394 4379 celluloso
1425 4292 1574 4397 inani,
1614 4321 1705 4407 quo
1736 4315 1828 4378 tota

226 4421 477 4531 redduntur
507 4429 617 4518 laxa.
677 4428 842 4549 Scapus
871 4430 997 4520 ioliis
1024 4456 1183 4553 quarta
1205 4456 1330 4551 parte
1356 4433 1562 4542 brevior,
1593 4435 1828 4553 triqueter,

222 4564 470 4677 flexuosus,
507 4568 697 4691 superne
737 4572 932 4697 bracteis
966 4577 1244 4695 raginalibus
1284 4577 1511 4697 nonnullis
1551 4575 1863 4691 membrana-7

225 4712 315 4799 reis
346 4710 602 4805 lanceolatis
629 4716 893 4810 sterilibus
880 4740 1150 4829 instructus,
1188 4718 1409 4810 divisus'
1395 4750 1462 4806 ιιι
1479 4749 1624 4807 ramos
1652 4718 1827 4837 aliquot
1914 4774 1919 4781 -

223 4854 442 4971 virgato's,
484 4854 533 4945 in
571 4859 734 4979 quibus
762 4862 844 4953 sub
873 4860 1038 4981 spathis
1066 4863 1367 4982 monophyllis
1396 4886 1555 4953 ovato·
1566 4862 1824 5013 lanceolatis

227 5001 466 5117 cuspidatis
498 5006 770 5122 proveniunt
798 5008 997 5118 flores,
1042 5005 1291 5127 dispositi
1278 5038 1326 5094 ru
1354 5004 1615 5115 fasciculos,
1660 4988 1825 5095 esenis

226 5152 447 5235 octonisve
496 5144 680 5235 floribus
729 5172 985 5252 constantes.
1042 5147 1288 5269 Spathellis
1336 5146 1557 5235 similibus
1605 5148 1826 5273 propriis,
