<?xml version="1.0" encoding="UTF-8"?>
<!DOCTYPE html PUBLIC "-//W3C//DTD XHTML 1.0 Transitional//EN"
    "http://www.w3.org/TR/xhtml1/DTD/xhtml1-transitional.dtd">
<html xmlns="http://www.w3.org/1999/xhtml" xml:lang="en" lang="en">
 <head>
  <title>
</title>
<meta http-equiv="Content-Type" content="text/html;charset=utf-8" />
  <meta name='ocr-system' content='tesseract 3.04.00' />
  <meta name='ocr-capabilities' content='ocr_page ocr_carea ocr_par ocr_line ocrx_word'/>
</head>
<body>
  <div class='ocr_page' id='page_1' title='image "./novaactaphysico03curigoog/novaactaphysico03curigoog_0048.png"; bbox 0 0 4692 6142; ppageno 0'>
   <div class='ocr_carea' id='block_1_1' title="bbox 540 549 715 612">
    <p class='ocr_par' dir='ltr' id='par_1_1' title="bbox 540 549 715 612">
     <span class='ocr_line' id='line_1_1' title="bbox 540 549 715 612; baseline 0.011 -2"><span class='ocrx_word' id='word_1_1' title='bbox 540 549 715 612; x_wconf 64' lang='lat' dir='ltr'><strong>xxxvii(</strong></span> 
     </span>
    </p>
   </div>
   <div class='ocr_carea' id='block_1_2' title="bbox 539 778 2147 1506">
    <p class='ocr_par' dir='ltr' id='par_1_2' title="bbox 539 778 2147 1506">
     <span class='ocr_line' id='line_1_2' title="bbox 545 778 2147 873; baseline 0.003 -23"><span class='ocrx_word' id='word_1_2' title='bbox 545 801 657 855; x_wconf 85' lang='lat' dir='ltr'><strong>uuam</strong></span> <span class='ocrx_word' id='word_1_3' title='bbox 682 791 720 849; x_wconf 90' lang='lat' dir='ltr'><strong>et</strong></span> <span class='ocrx_word' id='word_1_4' title='bbox 747 780 917 852; x_wconf 87' lang='lat' dir='ltr'><strong>amnibus</strong></span> <span class='ocrx_word' id='word_1_5' title='bbox 942 778 1099 853; x_wconf 86' lang='lat' dir='ltr'><strong>formosi</strong></span> <span class='ocrx_word' id='word_1_6' title='bbox 1123 804 1233 854; x_wconf 87' lang='lat' dir='ltr'><strong>sexus</strong></span> <span class='ocrx_word' id='word_1_7' title='bbox 1255 784 1481 859; x_wconf 71' lang='lat' dir='ltr'><strong>ornamentis</strong></span> <span class='ocrx_word' id='word_1_8' title='bbox 1495 784 1658 858; x_wconf 78' lang='lat' dir='ltr'><strong>dotatam</strong></span> <span class='ocrx_word' id='word_1_9' title='bbox 1674 793 1907 873; x_wconf 81' lang='lat' dir='ltr'><strong>matronam,</strong></span> <span class='ocrx_word' id='word_1_10' title='bbox 1935 783 2147 857; x_wconf 82' lang='lat' dir='ltr'><strong>Caietam</strong></span> 
     </span>
     <span class='ocr_line' id='line_1_3' title="bbox 541 893 2139 1004; baseline 0.004 -30"><span class='ocrx_word' id='word_1_11' title='bbox 541 906 598 976; x_wconf 88' lang='lat' dir='ltr'><strong>de</strong></span> <span class='ocrx_word' id='word_1_12' title='bbox 633 903 865 1000; x_wconf 87' lang='lat' dir='ltr'><strong>Vlieger,</strong></span> <span class='ocrx_word' id='word_1_13' title='bbox 903 905 1211 999; x_wconf 85' lang='lat' dir='ltr'><strong>Gandsvensem,</strong></span> <span class='ocrx_word' id='word_1_14' title='bbox 1236 909 1325 1002; x_wconf 75' lang='lat' dir='ltr'><strong>¹riri</strong></span> <span class='ocrx_word' id='word_1_15' title='bbox 1356 911 1612 1004; x_wconf 71' lang='lat' dir='ltr'><strong>spectatissimi</strong></span> <span class='ocrx_word' id='word_1_16' title='bbox 1650 893 1993 982; x_wconf 83' lang='lat' dir='ltr'><strong>Petri-Pauli</strong></span> <span class='ocrx_word' id='word_1_17' title='bbox 2026 912 2139 983; x_wconf 83' lang='lat' dir='ltr'><strong>Ser-</strong></span> 
     </span>
     <span class='ocr_line' id='line_1_4' title="bbox 541 1032 2147 1130; baseline 0.003 -28"><span class='ocrx_word' id='word_1_18' title='bbox 541 1032 740 1122; x_wconf 89' lang='lat' dir='ltr'><strong>dobbel,</strong></span> <span class='ocrx_word' id='word_1_19' title='bbox 766 1034 986 1104; x_wconf 89' lang='lat' dir='ltr'><strong>mercatoris</strong></span> <span class='ocrx_word' id='word_1_20' title='bbox 1013 1033 1203 1127; x_wconf 88' lang='lat' dir='ltr'><strong>primarii,</strong></span> <span class='ocrx_word' id='word_1_21' title='bbox 1243 1033 1404 1104; x_wconf 81' lang='lat' dir='ltr'><strong>viduam.</strong></span> <span class='ocrx_word' id='word_1_22' title='bbox 1451 1035 1525 1106; x_wconf 84' lang='lat' dir='ltr'><strong>Sed</strong></span> <span class='ocrx_word' id='word_1_23' title='bbox 1551 1035 1658 1109; x_wconf 79' lang='lat' dir='ltr'><strong>brari</strong></span> <span class='ocrx_word' id='word_1_24' title='bbox 1682 1035 1812 1106; x_wconf 85' lang='lat' dir='ltr'><strong>taedae</strong></span> <span class='ocrx_word' id='word_1_25' title='bbox 1837 1034 2041 1130; x_wconf 77' lang='lat' dir='ltr'><strong>nuptiales,</strong></span> <span class='ocrx_word' id='word_1_26' title='bbox 2074 1038 2147 1107; x_wconf 89' lang='lat' dir='ltr'><strong>snb</strong></span> 
     </span>
     <span class='ocr_line' id='line_1_5' title="bbox 541 1155 2147 1266; baseline 0.002 -40"><span class='ocrx_word' id='word_1_27' title='bbox 541 1155 748 1228; x_wconf 73' lang='lat' dir='ltr'><strong>laetissimis</strong></span> <span class='ocrx_word' id='word_1_28' title='bbox 786 1158 957 1266; x_wconf 74' lang='lat' dir='ltr'><strong>auspiciis</strong></span> <span class='ocrx_word' id='word_1_29' title='bbox 983 1181 1154 1231; x_wconf 88' lang='lat' dir='ltr'><strong>accensae</strong></span> <span class='ocrx_word' id='word_1_30' title='bbox 1166 1211 1178 1248; x_wconf 92' lang='lat'>,</span> <span class='ocrx_word' id='word_1_31' title='bbox 1221 1157 1381 1230; x_wconf 77' lang='lat' dir='ltr'><strong>funereo</strong></span> <span class='ocrx_word' id='word_1_32' title='bbox 1405 1158 1589 1235; x_wconf 74' lang='lat' dir='ltr'><strong>velamine</strong></span> <span class='ocrx_word' id='word_1_33' title='bbox 1617 1159 1800 1232; x_wconf 85' lang='lat' dir='ltr'><strong>obductae</strong></span> <span class='ocrx_word' id='word_1_34' title='bbox 1834 1171 1942 1237; x_wconf 81' lang='lat' dir='ltr'><strong>sunt:</strong></span> <span class='ocrx_word' id='word_1_35' title='bbox 1968 1161 2147 1253; x_wconf 78' lang='lat' dir='ltr'><strong>repetitae</strong></span> 
     </span>
     <span class='ocr_line' id='line_1_6' title="bbox 542 1271 2146 1380; baseline 0.002 -30"><span class='ocrx_word' id='word_1_36' title='bbox 542 1280 719 1376; x_wconf 79' lang='lat' dir='ltr'><strong>hydropis</strong></span> <span class='ocrx_word' id='word_1_37' title='bbox 755 1282 979 1376; x_wconf 88' lang='lat' dir='ltr'><strong>aggressioni</strong></span> <span class='ocrx_word' id='word_1_38' title='bbox 1010 1271 1202 1356; x_wconf 84' lang='lat' dir='ltr'><strong>succubuit</strong></span> <span class='ocrx_word' id='word_1_39' title='bbox 1241 1286 1275 1355; x_wconf 89' lang='lat'><strong>8.</strong></span> <span class='ocrx_word' id='word_1_40' title='bbox 1307 1283 1407 1358; x_wconf 90' lang='lat' dir='ltr'><strong>Iunii</strong></span> <span class='ocrx_word' id='word_1_41' title='bbox 1443 1289 1560 1378; x_wconf 71' lang='lat'><strong>1821,</strong></span> <span class='ocrx_word' id='word_1_42' title='bbox 1592 1285 1717 1357; x_wconf 91' lang='lat' dir='ltr'><strong>nullos</strong></span> <span class='ocrx_word' id='word_1_43' title='bbox 1748 1285 1887 1357; x_wconf 85' lang='lat' dir='ltr'><strong>liberos</strong></span> <span class='ocrx_word' id='word_1_44' title='bbox 1922 1286 2146 1380; x_wconf 87' lang='lat' dir='ltr'><strong>relinquens.</strong></span> 
     </span>
     <span class='ocr_line' id='line_1_7' title="bbox 539 1407 2078 1506; baseline 0.002 -30"><span class='ocrx_word' id='word_1_45' title='bbox 539 1407 789 1502; x_wconf 65' lang='lat' dir='ltr'><strong>balsimius,</strong></span> <span class='ocrx_word' id='word_1_46' title='bbox 830 1430 947 1505; x_wconf 83' lang='lat' dir='ltr'><strong>eaque</strong></span> <span class='ocrx_word' id='word_1_47' title='bbox 971 1409 1081 1504; x_wconf 91' lang='lat' dir='ltr'><strong>digna</strong></span> <span class='ocrx_word' id='word_1_48' title='bbox 1106 1421 1282 1505; x_wconf 87' lang='lat' dir='ltr'><strong>parente,</strong></span> <span class='ocrx_word' id='word_1_49' title='bbox 1318 1410 1466 1486; x_wconf 82' lang='lat' dir='ltr'><strong>soboles</strong></span> <span class='ocrx_word' id='word_1_50' title='bbox 1488 1421 1576 1482; x_wconf 90' lang='lat' dir='ltr'><strong>sunt</strong></span> <span class='ocrx_word' id='word_1_51' title='bbox 1600 1411 1737 1505; x_wconf 89' lang='lat' dir='ltr'><strong>ingenii</strong></span> <span class='ocrx_word' id='word_1_52' title='bbox 1762 1420 2001 1482; x_wconf 88' lang='lat' dir='ltr'><strong>monumenta</strong></span> <span class='ocrx_word' id='word_1_53' title='bbox 2013 1407 2078 1506; x_wconf 68' lang='lat'><strong>”).</strong></span> 
     </span>
    </p>
   </div>
   <div class='ocr_carea' id='block_1_3' title="bbox 542 1566 2146 1788">
    <p class='ocr_par' dir='ltr' id='par_1_3' title="bbox 542 1566 2146 1788">
     <span class='ocr_line' id='line_1_8' title="bbox 643 1566 2146 1665; baseline -0.002 -26"><span class='ocrx_word' id='word_1_54' title='bbox 643 1568 763 1660; x_wconf 80' lang='lat' dir='ltr'><strong>Tum,</strong></span> <span class='ocrx_word' id='word_1_55' title='bbox 801 1595 885 1641; x_wconf 90' lang='lat' dir='ltr'><strong>cum</strong></span> <span class='ocrx_word' id='word_1_56' title='bbox 911 1591 1085 1664; x_wconf 86' lang='lat' dir='ltr'><strong>supremo</strong></span> <span class='ocrx_word' id='word_1_57' title='bbox 1110 1569 1172 1641; x_wconf 90' lang='lat' dir='ltr'><strong>die</strong></span> <span class='ocrx_word' id='word_1_58' title='bbox 1203 1592 1258 1640; x_wconf 84' lang='lat' dir='ltr'><strong>1a.</strong></span> <span class='ocrx_word' id='word_1_59' title='bbox 1285 1569 1384 1640; x_wconf 89' lang='lat' dir='ltr'><strong>lunii</strong></span> <span class='ocrx_word' id='word_1_60' title='bbox 1424 1593 1534 1665; x_wconf 87' lang='lat' dir='ltr'><strong>qnam</strong></span> <span class='ocrx_word' id='word_1_61' title='bbox 1560 1567 1782 1662; x_wconf 88' lang='lat' dir='ltr'><strong>amplissime</strong></span> <span class='ocrx_word' id='word_1_62' title='bbox 1809 1566 2030 1657; x_wconf 79' lang='lat' dir='ltr'><strong>efferretur,</strong></span> <span class='ocrx_word' id='word_1_63' title='bbox 2064 1566 2146 1637; x_wconf 89' lang='lat' dir='ltr'><strong>Re-</strong></span> 
     </span>
     <span class='ocr_line' id='line_1_9' title="bbox 542 1690 2144 1788; baseline -0.001 -24"><span class='ocrx_word' id='word_1_64' title='bbox 542 1695 655 1766; x_wconf 86' lang='lat' dir='ltr'><strong>ctoris</strong></span> <span class='ocrx_word' id='word_1_65' title='bbox 686 1707 725 1766; x_wconf 83' lang='lat' dir='ltr'><strong>et</strong></span> <span class='ocrx_word' id='word_1_66' title='bbox 756 1695 912 1766; x_wconf 87' lang='lat' dir='ltr'><strong>Senatus</strong></span> <span class='ocrx_word' id='word_1_67' title='bbox 945 1693 1159 1766; x_wconf 82' lang='lat' dir='ltr'><strong>Academici</strong></span> <span class='ocrx_word' id='word_1_68' title='bbox 1193 1697 1410 1765; x_wconf 88' lang='lat' dir='ltr'><strong>auctoritate</strong></span> <span class='ocrx_word' id='word_1_69' title='bbox 1442 1696 1481 1764; x_wconf 89' lang='lat' dir='ltr'><strong>in</strong></span> <span class='ocrx_word' id='word_1_70' title='bbox 1513 1696 1593 1788; x_wconf 83' lang='lat' dir='ltr'><strong>ipso</strong></span> <span class='ocrx_word' id='word_1_71' title='bbox 1631 1690 1855 1764; x_wconf 86' lang='lat' dir='ltr'><strong>coemeterio</strong></span> <span class='ocrx_word' id='word_1_72' title='bbox 1887 1693 2060 1764; x_wconf 88' lang='lat' dir='ltr'><strong>Petrus</strong></span> <span class='ocrx_word' id='word_1_73' title='bbox 2093 1693 2144 1763; x_wconf 88' lang='lat' dir='ltr'><strong>de</strong></span> 
     </span>
    </p>
   </div>
   <div class='ocr_carea' id='block_1_4' title="bbox 541 1815 2144 2023">
    <p class='ocr_par' dir='ltr' id='par_1_4' title="bbox 541 1815 2144 2023">
     <span class='ocr_line' id='line_1_10' title="bbox 541 1815 2144 1914; baseline 0.003 -28"><span class='ocrx_word' id='word_1_74' title='bbox 541 1817 777 1914; x_wconf 83' lang='lat' dir='ltr'><strong>Ryckere,</strong></span> <span class='ocrx_word' id='word_1_75' title='bbox 823 1819 854 1888; x_wconf 92' lang='grc' dir='ltr'><strong>Ι.</strong></span> <span class='ocrx_word' id='word_1_76' title='bbox 891 1815 941 1889; x_wconf 92' lang='lat' dir='ltr'><strong>U.</strong></span> <span class='ocrx_word' id='word_1_77' title='bbox 966 1817 1042 1912; x_wconf 72' lang='lat' dir='ltr'>D.,‚</span> <span class='ocrx_word' id='word_1_78' title='bbox 1077 1817 1170 1890; x_wconf 87' lang='lat' dir='ltr'><strong>Ord.</strong></span> <span class='ocrx_word' id='word_1_79' title='bbox 1204 1818 1320 1890; x_wconf 84' lang='lat' dir='ltr'><strong>Iurid.</strong></span> <span class='ocrx_word' id='word_1_80' title='bbox 1357 1821 1397 1894; x_wconf 91' lang='lat' dir='ltr'><strong>in</strong></span> <span class='ocrx_word' id='word_1_81' title='bbox 1430 1820 1543 1896; x_wconf 80' lang='lat' dir='ltr'><strong>Acad.</strong></span> <span class='ocrx_word' id='word_1_82' title='bbox 1574 1819 1765 1892; x_wconf 88' lang='lat' dir='ltr'><strong>Gaudensi</strong></span> <span class='ocrx_word' id='word_1_83' title='bbox 1791 1817 1898 1890; x_wconf 84' lang='lat' dir='ltr'><strong>Prof.</strong></span> <span class='ocrx_word' id='word_1_84' title='bbox 1934 1818 2056 1911; x_wconf 82' lang='lat' dir='ltr'><strong>Ord,</strong></span> <span class='ocrx_word' id='word_1_85' title='bbox 2081 1818 2144 1892; x_wconf 82' lang='lat' dir='ltr'><strong>&#39;sic</strong></span> 
     </span>
     <span class='ocr_line' id='line_1_11' title="bbox 542 1945 789 2023; baseline 0.036 -9"><span class='ocrx_word' id='word_1_86' title='bbox 542 1945 686 2017; x_wconf 87' lang='lat' dir='ltr'><strong>locutus</strong></span> <span class='ocrx_word' id='word_1_87' title='bbox 714 1955 789 2023; x_wconf 74' lang='lat' dir='ltr'><strong>estc</strong></span> 
     </span>
    </p>
   </div>
   <div class='ocr_carea' id='block_1_5' title="bbox 536 2101 2148 2800">
    <p class='ocr_par' dir='ltr' id='par_1_5' title="bbox 536 2101 2148 2800">
     <span class='ocr_line' id='line_1_12' title="bbox 640 2101 2140 2194; baseline -0.001 -20"><span class='ocrx_word' id='word_1_88' title='bbox 640 2103 929 2194; x_wconf 84' lang='lat' dir='ltr'><strong>Mandavinrus,</strong></span> <span class='ocrx_word' id='word_1_89' title='bbox 987 2103 1243 2178; x_wconf 79' lang='lat' dir='ltr'><strong>mandavimus</strong></span> <span class='ocrx_word' id='word_1_90' title='bbox 1287 2113 1413 2175; x_wconf 85' lang='lat' dir='ltr'><strong>terrae</strong></span> <span class='ocrx_word' id='word_1_91' title='bbox 1459 2101 1637 2176; x_wconf 82' lang='lat' dir='ltr'><strong>mortales</strong></span> <span class='ocrx_word' id='word_1_92' title='bbox 1676 2101 1901 2175; x_wconf 86' lang='lat' dir='ltr'><strong>Fancisci</strong></span> <span class='ocrx_word' id='word_1_93' title='bbox 1934 2103 2140 2175; x_wconf 84' lang='lat' dir='ltr'><strong>Cassclii</strong></span> 
     </span>
     <span class='ocr_line' id='line_1_13' title="bbox 541 2228 2140 2326; baseline -0.001 -25"><span class='ocrx_word' id='word_1_94' title='bbox 541 2228 731 2324; x_wconf 81' lang='lat' dir='ltr'><strong>reliquias!</strong></span> <span class='ocrx_word' id='word_1_95' title='bbox 769 2229 845 2300; x_wconf 88' lang='lat' dir='ltr'><strong>Hic</strong></span> <span class='ocrx_word' id='word_1_96' title='bbox 876 2230 1018 2302; x_wconf 80' lang='lat' dir='ltr'><strong>sistitur</strong></span> <span class='ocrx_word' id='word_1_97' title='bbox 1048 2231 1167 2302; x_wconf 86' lang='lat' dir='ltr'><strong>omnis</strong></span> <span class='ocrx_word' id='word_1_98' title='bbox 1196 2229 1262 2300; x_wconf 90' lang='lat' dir='ltr'><strong>ille</strong></span> <span class='ocrx_word' id='word_1_99' title='bbox 1295 2228 1464 2302; x_wconf 80' lang='lat' dir='ltr'><strong>funebris</strong></span> <span class='ocrx_word' id='word_1_100' title='bbox 1497 2253 1654 2325; x_wconf 85' lang='lat' dir='ltr'><strong>pompae</strong></span> <span class='ocrx_word' id='word_1_101' title='bbox 1687 2242 1903 2326; x_wconf 86' lang='lat' dir='ltr'><strong>apparatus,</strong></span> <span class='ocrx_word' id='word_1_102' title='bbox 1953 2253 2026 2325; x_wconf 90' lang='lat' dir='ltr'><strong>quo</strong></span> <span class='ocrx_word' id='word_1_103' title='bbox 2051 2229 2140 2300; x_wconf 91' lang='lat' dir='ltr'><strong>illu-</strong></span> 
     </span>
     <span class='ocr_line' id='line_1_14' title="bbox 538 2352 2148 2456; baseline 0.003 -31"><span class='ocrx_word' id='word_1_104' title='bbox 538 2356 710 2428; x_wconf 85' lang='lat' dir='ltr'><strong>strissimi</strong></span> <span class='ocrx_word' id='word_1_105' title='bbox 743 2355 816 2432; x_wconf 84' lang='lat' dir='ltr'><strong>viri</strong></span> <span class='ocrx_word' id='word_1_106' title='bbox 841 2356 984 2426; x_wconf 85' lang='lat' dir='ltr'><strong>cineres</strong></span> <span class='ocrx_word' id='word_1_107' title='bbox 1010 2352 1058 2424; x_wconf 87' lang='lat' dir='ltr'><strong>ad</strong></span> <span class='ocrx_word' id='word_1_108' title='bbox 1088 2352 1320 2449; x_wconf 88' lang='lat' dir='ltr'><strong>sepulchrale</strong></span> <span class='ocrx_word' id='word_1_109' title='bbox 1346 2357 1445 2428; x_wconf 87' lang='lat' dir='ltr'><strong>istud</strong></span> <span class='ocrx_word' id='word_1_110' title='bbox 1468 2367 1767 2456; x_wconf 83' lang='lat' dir='ltr'><strong>monumentum,</strong></span> <span class='ocrx_word' id='word_1_111' title='bbox 1807 2369 2014 2432; x_wconf 84' lang='lat' dir='ltr'><strong>extremum</strong></span> <span class='ocrx_word' id='word_1_112' title='bbox 2039 2352 2148 2452; x_wconf 72' lang='lat' dir='ltr'><strong>quasi</strong></span> 
     </span>
     <span class='ocr_line' id='line_1_15' title="bbox 536 2456 2139 2576; baseline -0.001 -26"><span class='ocrx_word' id='word_1_113' title='bbox 536 2456 731 2576; x_wconf 84' lang='lat' dir='ltr'><strong>utriusque</strong></span> <span class='ocrx_word' id='word_1_114' title='bbox 765 2479 894 2550; x_wconf 88' lang='lat' dir='ltr'><strong>mundi</strong></span> <span class='ocrx_word' id='word_1_115' title='bbox 929 2478 1108 2570; x_wconf 87' lang='lat' dir='ltr'><strong>limitem,</strong></span> <span class='ocrx_word' id='word_1_116' title='bbox 1145 2477 1382 2551; x_wconf 86' lang='lat' dir='ltr'><strong>concomitati</strong></span> <span class='ocrx_word' id='word_1_117' title='bbox 1406 2503 1543 2551; x_wconf 89' lang='lat' dir='ltr'><strong>sumus.</strong></span> <span class='ocrx_word' id='word_1_118' title='bbox 1569 2515 1620 2538; x_wconf 93' lang='lat'><strong>·-</strong></span> <span class='ocrx_word' id='word_1_119' title='bbox 1645 2479 1855 2552; x_wconf 87' lang='lat' dir='ltr'><strong>Solitariam</strong></span> <span class='ocrx_word' id='word_1_120' title='bbox 1880 2481 2011 2551; x_wconf 88' lang='lat' dir='ltr'><strong>mortis</strong></span> <span class='ocrx_word' id='word_1_121' title='bbox 2042 2503 2139 2550; x_wconf 88' lang='lat' dir='ltr'><strong>man·</strong></span> 
     </span>
     <span class='ocr_line' id='line_1_16' title="bbox 538 2602 2139 2701; baseline 0 -27"><span class='ocrx_word' id='word_1_122' title='bbox 538 2606 678 2676; x_wconf 87' lang='lat' dir='ltr'><strong>sionem</strong></span> <span class='ocrx_word' id='word_1_123' title='bbox 704 2604 778 2674; x_wconf 90' lang='lat' dir='ltr'><strong>iam</strong></span> <span class='ocrx_word' id='word_1_124' title='bbox 802 2606 1008 2701; x_wconf 86' lang='lat' dir='ltr'><strong>ingressum</strong></span> <span class='ocrx_word' id='word_1_125' title='bbox 1032 2602 1192 2674; x_wconf 87' lang='lat' dir='ltr'><strong>ulterius</strong></span> <span class='ocrx_word' id='word_1_126' title='bbox 1212 2606 1390 2700; x_wconf 87' lang='lat' dir='ltr'><strong>prosequi</strong></span> <span class='ocrx_word' id='word_1_127' title='bbox 1414 2629 1482 2678; x_wconf 89' lang='lat' dir='ltr'><strong>nos</strong></span> <span class='ocrx_word' id='word_1_128' title='bbox 1507 2615 1608 2681; x_wconf 78' lang='lat' dir='ltr'><strong>vetat</strong></span> <span class='ocrx_word' id='word_1_129' title='bbox 1631 2603 1911 2681; x_wconf 80' lang='lat' dir='ltr'><strong>reformidanda</strong></span> <span class='ocrx_word' id='word_1_130' title='bbox 1934 2605 2043 2676; x_wconf 89' lang='lat' dir='ltr'><strong>huius</strong></span> <span class='ocrx_word' id='word_1_131' title='bbox 2068 2606 2139 2694; x_wconf 82' lang='lat' dir='ltr'><strong>loci</strong></span> 
     </span>
     <span class='ocr_line' id='line_1_17' title="bbox 542 2729 916 2800; baseline 0.005 -2"><span class='ocrx_word' id='word_1_132' title='bbox 542 2729 777 2800; x_wconf 80' lang='lat' dir='ltr'><strong>dominatrix.</strong></span> <span class='ocrx_word' id='word_1_133' title='bbox 799 2767 851 2782; x_wconf 91' lang='lat'><strong>-—</strong></span> <span class='ocrx_word' id='word_1_134' title='bbox 865 2763 916 2790; x_wconf 76' lang='grc' dir='ltr'><strong>ι-</strong></span> 
     </span>
    </p>
   </div>
   <div class='ocr_carea' id='block_1_6' title="bbox 536 2885 2141 3482">
    <p class='ocr_par' dir='ltr' id='par_1_6' title="bbox 536 2885 2141 3482">
     <span class='ocr_line' id='line_1_18' title="bbox 639 2885 2139 2983; baseline 0 -25"><span class='ocrx_word' id='word_1_135' title='bbox 639 2888 791 2981; x_wconf 86' lang='lat' dir='ltr'><strong>Ergone</strong></span> <span class='ocrx_word' id='word_1_136' title='bbox 816 2911 926 2983; x_wconf 87' lang='lat' dir='ltr'><strong>quem</strong></span> <span class='ocrx_word' id='word_1_137' title='bbox 950 2908 1073 2982; x_wconf 86' lang='lat' dir='ltr'><strong>nuper</strong></span> <span class='ocrx_word' id='word_1_138' title='bbox 1097 2887 1256 2958; x_wconf 86' lang='lat' dir='ltr'><strong>amicum</strong></span> <span class='ocrx_word' id='word_1_139' title='bbox 1280 2897 1390 2982; x_wconf 87' lang='lat' dir='ltr'><strong>atque</strong></span> <span class='ocrx_word' id='word_1_140' title='bbox 1414 2885 1591 2982; x_wconf 86' lang='lat' dir='ltr'><strong>collegam</strong></span> <span class='ocrx_word' id='word_1_141' title='bbox 1616 2888 1810 2961; x_wconf 89' lang='lat' dir='ltr'><strong>nominare</strong></span> <span class='ocrx_word' id='word_1_142' title='bbox 1831 2897 1871 2959; x_wconf 85' lang='lat' dir='ltr'><strong>et</strong></span> <span class='ocrx_word' id='word_1_143' title='bbox 1891 2889 2139 2982; x_wconf 84' lang='lat' dir='ltr'><strong>gaudebamus</strong></span> 
     </span>
     <span class='ocr_line' id='line_1_19' title="bbox 540 3009 2140 3106; baseline 0.001 -24"><span class='ocrx_word' id='word_1_144' title='bbox 540 3020 579 3082; x_wconf 88' lang='lat' dir='ltr'><strong>et</strong></span> <span class='ocrx_word' id='word_1_145' title='bbox 610 3009 881 3104; x_wconf 85' lang='lat' dir='ltr'><strong>gloriabamur,</strong></span> <span class='ocrx_word' id='word_1_146' title='bbox 916 3010 1156 3106; x_wconf 88' lang='lat' dir='ltr'><strong>imposterum</strong></span> <span class='ocrx_word' id='word_1_147' title='bbox 1199 3031 1370 3081; x_wconf 86' lang='lat' dir='ltr'><strong>moerens</strong></span> <span class='ocrx_word' id='word_1_148' title='bbox 1410 3013 1538 3084; x_wconf 87' lang='lat' dir='ltr'><strong>oculus</strong></span> <span class='ocrx_word' id='word_1_149' title='bbox 1574 3016 1615 3084; x_wconf 90' lang='lat' dir='ltr'><strong>in</strong></span> <span class='ocrx_word' id='word_1_150' title='bbox 1651 3015 1804 3088; x_wconf 75' lang='lat' dir='ltr'><strong>viduato</strong></span> <span class='ocrx_word' id='word_1_151' title='bbox 1842 3027 1972 3086; x_wconf 91' lang='lat' dir='ltr'><strong>nostro</strong></span> <span class='ocrx_word' id='word_1_152' title='bbox 2011 3016 2140 3089; x_wconf 87' lang='lat' dir='ltr'><strong>ordine</strong></span> 
     </span>
     <span class='ocr_line' id='line_1_20' title="bbox 539 3133 2141 3231; baseline 0.002 -25"><span class='ocrx_word' id='word_1_153' title='bbox 539 3135 678 3206; x_wconf 84' lang='lat' dir='ltr'><strong>frustra</strong></span> <span class='ocrx_word' id='word_1_154' title='bbox 717 3136 906 3230; x_wconf 88' lang='lat' dir='ltr'><strong>inquiret,</strong></span> <span class='ocrx_word' id='word_1_155' title='bbox 943 3135 1082 3226; x_wconf 79' lang='lat' dir='ltr'><strong>frustra</strong></span> <span class='ocrx_word' id='word_1_156' title='bbox 1127 3157 1203 3210; x_wconf 80' lang='lat' dir='ltr'><strong>vox</strong></span> <span class='ocrx_word' id='word_1_157' title='bbox 1237 3133 1506 3229; x_wconf 80' lang='lat' dir='ltr'><strong>compellabit?</strong></span> <span class='ocrx_word' id='word_1_158' title='bbox 1554 3137 1706 3231; x_wconf 83' lang='lat' dir='ltr'><strong>Ergone</strong></span> <span class='ocrx_word' id='word_1_159' title='bbox 1747 3138 1965 3210; x_wconf 88' lang='lat' dir='ltr'><strong>amabilis</strong></span> <span class='ocrx_word' id='word_1_160' title='bbox 2004 3139 2141 3210; x_wconf 91' lang='lat' dir='ltr'><strong>illius</strong></span> 
     </span>
     <span class='ocr_line' id='line_1_21' title="bbox 536 3261 2139 3362; baseline 0.002 -30"><span class='ocrx_word' id='word_1_161' title='bbox 536 3262 772 3334; x_wconf 89' lang='lat' dir='ltr'><strong>scientiae</strong></span> <span class='ocrx_word' id='word_1_162' title='bbox 798 3262 943 3332; x_wconf 79' lang='lat' dir='ltr'><strong>lloetor</strong></span> <span class='ocrx_word' id='word_1_163' title='bbox 967 3262 1045 3354; x_wconf 86' lang='lat' dir='ltr'><strong>ipse</strong></span> <span class='ocrx_word' id='word_1_164' title='bbox 1071 3261 1253 3352; x_wconf 83' lang='lat' dir='ltr'><strong>amabilis,</strong></span> <span class='ocrx_word' id='word_1_165' title='bbox 1280 3276 1518 3355; x_wconf 88' lang='lat' dir='ltr'><strong>praematura</strong></span> <span class='ocrx_word' id='word_1_166' title='bbox 1544 3263 1694 3355; x_wconf 82' lang='lat' dir='ltr'><strong>florum,</strong></span> <span class='ocrx_word' id='word_1_167' title='bbox 1717 3266 1810 3362; x_wconf 85' lang='lat' dir='ltr'><strong>quos</strong></span> <span class='ocrx_word' id='word_1_168' title='bbox 1827 3267 2036 3356; x_wconf 87' lang='lat' dir='ltr'><strong>adamabat,</strong></span> <span class='ocrx_word' id='word_1_169' title='bbox 2063 3265 2139 3336; x_wconf 86' lang='lat' dir='ltr'><strong>fata</strong></span> 
     </span>
     <span class='ocr_line' id='line_1_22' title="bbox 538 3385 2139 3482; baseline 0.005 -26"><span class='ocrx_word' id='word_1_170' title='bbox 538 3397 712 3482; x_wconf 82' lang='lat' dir='ltr'><strong>expertus</strong></span> <span class='ocrx_word' id='word_1_171' title='bbox 724 3439 735 3480; x_wconf 89' lang='lat'><em>,</em></span> <span class='ocrx_word' id='word_1_172' title='bbox 772 3411 793 3459; x_wconf 88' lang='lat' dir='ltr'><strong>a</strong></span> <span class='ocrx_word' id='word_1_173' title='bbox 819 3387 955 3461; x_wconf 84' lang='lat' dir='ltr'><strong>virenti</strong></span> <span class='ocrx_word' id='word_1_174' title='bbox 981 3385 1078 3462; x_wconf 82' lang='lat' dir='ltr'><strong>vitae</strong></span> <span class='ocrx_word' id='word_1_175' title='bbox 1102 3387 1143 3457; x_wconf 86' lang='lat' dir='ltr'><strong>in</strong></span> <span class='ocrx_word' id='word_1_176' title='bbox 1166 3387 1239 3458; x_wconf 88' lang='lat' dir='ltr'><strong>boc</strong></span> <span class='ocrx_word' id='word_1_177' title='bbox 1263 3387 1420 3480; x_wconf 89' lang='lat' dir='ltr'><strong>lugubre</strong></span> <span class='ocrx_word' id='word_1_178' title='bbox 1445 3388 1578 3458; x_wconf 86' lang='lat' dir='ltr'><strong>mortis</strong></span> <span class='ocrx_word' id='word_1_179' title='bbox 1593 3387 1829 3482; x_wconf 84' lang='lat' dir='ltr'><strong>pomaerium</strong></span> <span class='ocrx_word' id='word_1_180' title='bbox 1847 3388 2045 3464; x_wconf 85' lang='lat' dir='ltr'><strong>translatus</strong></span> <span class='ocrx_word' id='word_1_181' title='bbox 2058 3387 2139 3464; x_wconf 68' lang='lat' dir='ltr'><strong>est?</strong></span> 
     </span>
    </p>
   </div>
   <div class='ocr_carea' id='block_1_7' title="bbox 635 3647 2140 5077">
    <p class='ocr_par' dir='ltr' id='par_1_7' title="bbox 640 3647 2140 3807">
     <span class='ocr_line' id='line_1_23' title="bbox 640 3647 2140 3724; baseline -0.003 -18"><span class='ocrx_word' id='word_1_182' title='bbox 640 3655 689 3724; x_wconf 76' lang='lat'><strong>⁸⁸)</strong></span> <span class='ocrx_word' id='word_1_183' title='bbox 709 3652 878 3706; x_wconf 67' lang='lat' dir='ltr'><strong>Stiuas</strong></span> <span class='ocrx_word' id='word_1_184' title='bbox 904 3649 980 3717; x_wconf 65' lang='lat' dir='ltr'><strong>fiir</strong></span> <span class='ocrx_word' id='word_1_185' title='bbox 1008 3647 1214 3704; x_wconf 77' lang='lat' dir='ltr'><strong>Zaoromr&#39;e</strong></span> <span class='ocrx_word' id='word_1_186' title='bbox 1247 3654 1341 3705; x_wconf 80' lang='lat' dir='ltr'><strong>oder</strong></span> <span class='ocrx_word' id='word_1_187' title='bbox 1371 3653 1439 3706; x_wconf 75' lang='lat' dir='ltr'><strong>das</strong></span> <span class='ocrx_word' id='word_1_188' title='bbox 1468 3649 1583 3705; x_wconf 77' lang='lat' dir='ltr'><strong>leben</strong></span> <span class='ocrx_word' id='word_1_189' title='bbox 1600 3651 1668 3705; x_wconf 73' lang='lat' dir='ltr'><strong>der</strong></span> <span class='ocrx_word' id='word_1_190' title='bbox 1691 3648 1835 3705; x_wconf 72' lang='lat' dir='ltr'><strong>Zalissa</strong></span> <span class='ocrx_word' id='word_1_191' title='bbox 1865 3651 1940 3706; x_wconf 73' lang='lat' dir='ltr'><strong>und</strong></span> <span class='ocrx_word' id='word_1_192' title='bbox 1962 3655 2140 3708; x_wconf 61' lang='lat' dir='ltr'><strong>formen-</strong></span> 
     </span>
     <span class='ocr_line' id='line_1_24' title="bbox 643 3744 1480 3807; baseline -0.002 -3"><span class='ocrx_word' id='word_1_193' title='bbox 643 3750 746 3804; x_wconf 76' lang='lat' dir='ltr'><strong>Erster</strong></span> <span class='ocrx_word' id='word_1_194' title='bbox 766 3748 850 3806; x_wconf 68' lang='lat' dir='ltr'><strong>rasit.</strong></span> <span class='ocrx_word' id='word_1_195' title='bbox 871 3773 903 3789; x_wconf 85' lang='lat'><strong>·-</strong></span> <span class='ocrx_word' id='word_1_196' title='bbox 924 3744 1013 3804; x_wconf 68' lang='lat' dir='ltr'><strong>Kale,</strong></span> <span class='ocrx_word' id='word_1_197' title='bbox 1038 3744 1080 3799; x_wconf 69' lang='lat' dir='ltr'><strong>tsi</strong></span> <span class='ocrx_word' id='word_1_198' title='bbox 1100 3745 1364 3806; x_wconf 74' lang='lat' dir='ltr'><strong>Rommtrslt&#39;rclen.</strong></span> <span class='ocrx_word' id='word_1_199' title='bbox 1400 3749 1480 3807; x_wconf 85' lang='grc'><strong>1808.</strong></span> 
     </span>
    </p>

    <p class='ocr_par' dir='ltr' id='par_1_8' title="bbox 639 3838 2139 4003">
     <span class='ocr_line' id='line_1_25' title="bbox 714 3838 2139 3906; baseline -0.004 -6"><span class='ocrx_word' id='word_1_200' title='bbox 714 3841 996 3900; x_wconf 67' lang='lat' dir='ltr'><strong>Versaclu‘ber</strong></span> <span class='ocrx_word' id='word_1_201' title='bbox 1015 3841 1075 3896; x_wconf 76' lang='lat' dir='ltr'><strong>dio</strong></span> <span class='ocrx_word' id='word_1_202' title='bbox 1093 3840 1350 3898; x_wconf 64' lang='lat' dir='ltr'><strong>natdrliclen</strong></span> <span class='ocrx_word' id='word_1_203' title='bbox 1376 3841 1569 3897; x_wconf 73' lang='lat' dir='ltr'><strong>Familiare</strong></span> <span class='ocrx_word' id='word_1_204' title='bbox 1593 3845 1662 3897; x_wconf 79' lang='lat' dir='ltr'><strong>der</strong></span> <span class='ocrx_word' id='word_1_205' title='bbox 1681 3838 1894 3906; x_wconf 53' lang='grc' dir='ltr'><strong>Νίσαια,</strong></span> <span class='ocrx_word' id='word_1_206' title='bbox 1922 3845 1989 3899; x_wconf 78' lang='lat' dir='ltr'><strong>mit</strong></span> <span class='ocrx_word' id='word_1_207' title='bbox 2017 3845 2139 3898; x_wconf 75' lang='lat' dir='ltr'><strong>usca.</strong></span> 
     </span>
     <span class='ocr_line' id='line_1_26' title="bbox 639 3933 1927 4003; baseline 0 -10"><span class='ocrx_word' id='word_1_208' title='bbox 639 3940 737 3993; x_wconf 74' lang='lat' dir='ltr'><strong>siclt</strong></span> <span class='ocrx_word' id='word_1_209' title='bbox 754 3937 829 4003; x_wconf 84' lang='lat' dir='ltr'><strong>auf</strong></span> <span class='ocrx_word' id='word_1_210' title='bbox 842 3937 924 3990; x_wconf 72' lang='lat' dir='ltr'><strong>ihre</strong></span> <span class='ocrx_word' id='word_1_211' title='bbox 944 3933 1163 4002; x_wconf 74' lang='lat' dir='ltr'><strong>Heillrasr.</strong></span> <span class='ocrx_word' id='word_1_212' title='bbox 1183 3959 1216 3976; x_wconf 83' lang='lat'><em>-</em></span> <span class='ocrx_word' id='word_1_213' title='bbox 1236 3934 1309 3989; x_wconf 74' lang='lat' dir='ltr'><strong>narn</strong></span> <span class='ocrx_word' id='word_1_214' title='bbox 1333 3936 1375 3990; x_wconf 74' lang='lat' dir='ltr'><strong>bei</strong></span> <span class='ocrx_word' id='word_1_215' title='bbox 1393 3933 1809 3999; x_wconf 65' lang='lat' dir='ltr'><strong>Reseratuommrsrtrcten.</strong></span> <span class='ocrx_word' id='word_1_216' title='bbox 1846 3939 1927 3996; x_wconf 84' lang='grc'><strong>1810.</strong></span> 
     </span>
    </p>

    <p class='ocr_par' dir='ltr' id='par_1_9' title="bbox 706 4029 1993 4102">
     <span class='ocr_line' id='line_1_27' title="bbox 706 4029 1993 4102; baseline 0.005 -14"><span class='ocrx_word' id='word_1_217' title='bbox 706 4034 773 4088; x_wconf 80' lang='lat' dir='ltr'><strong>Die</strong></span> <span class='ocrx_word' id='word_1_218' title='bbox 795 4031 923 4088; x_wconf 76' lang='lat' dir='ltr'><strong>Wam</strong></span> <span class='ocrx_word' id='word_1_219' title='bbox 939 4034 1038 4086; x_wconf 79' lang='lat' dir='ltr'><strong>einer</strong></span> <span class='ocrx_word' id='word_1_220' title='bbox 1057 4029 1274 4090; x_wconf 70' lang='lat' dir='ltr'><strong>Dentrem</strong></span> <span class='ocrx_word' id='word_1_221' title='bbox 1291 4052 1342 4090; x_wconf 76' lang='lat' dir='ltr'><strong>aur</strong></span> <span class='ocrx_word' id='word_1_222' title='bbox 1360 4033 1493 4092; x_wconf 71' lang='lat' dir='ltr'><strong>linlen</strong></span> <span class='ocrx_word' id='word_1_223' title='bbox 1515 4034 1735 4102; x_wconf 67' lang='lat' dir='ltr'><strong>Ricinafer.</strong></span> <span class='ocrx_word' id='word_1_224' title='bbox 1756 4065 1788 4077; x_wconf 98' lang='lat'>-</span> <span class='ocrx_word' id='word_1_225' title='bbox 1810 4036 1891 4095; x_wconf 72' lang='lat' dir='ltr'><strong>notu.</strong></span> <span class='ocrx_word' id='word_1_226' title='bbox 1910 4032 1993 4094; x_wconf 67' lang='lat'><strong>1814.</strong></span> 
     </span>
    </p>

    <p class='ocr_par' dir='ltr' id='par_1_10' title="bbox 638 4125 2137 4292">
     <span class='ocr_line' id='line_1_28' title="bbox 712 4125 2137 4202; baseline 0.001 -16"><span class='ocrx_word' id='word_1_227' title='bbox 712 4128 911 4186; x_wconf 72' lang='lat' dir='ltr'><strong>Lebrbucl</strong></span> <span class='ocrx_word' id='word_1_228' title='bbox 937 4130 1005 4182; x_wconf 80' lang='lat' dir='ltr'><strong>der</strong></span> <span class='ocrx_word' id='word_1_229' title='bbox 1028 4128 1282 4182; x_wconf 67' lang='lat' dir='ltr'><strong>catarticum</strong></span> <span class='ocrx_word' id='word_1_230' title='bbox 1312 4125 1705 4202; x_wconf 75' lang='lat' dir='ltr'><strong>Pflanzrnordnnng.</strong></span> <span class='ocrx_word' id='word_1_231' title='bbox 1742 4126 1907 4195; x_wconf 75' lang='lat' dir='ltr'><strong>Franhfurr</strong></span> <span class='ocrx_word' id='word_1_232' title='bbox 1930 4146 1977 4184; x_wconf 79' lang='lat' dir='ltr'><strong>am</strong></span> <span class='ocrx_word' id='word_1_233' title='bbox 2001 4129 2082 4185; x_wconf 72' lang='lat' dir='ltr'><strong>Maia</strong></span> <span class='ocrx_word' id='word_1_234' title='bbox 2107 4133 2137 4188; x_wconf 79' lang='lat' dir='ltr'><strong>in</strong></span> 
     </span>
     <span class='ocr_line' id='line_1_29' title="bbox 638 4221 1287 4292; baseline -0.002 -11"><span class='ocrx_word' id='word_1_235' title='bbox 638 4230 690 4282; x_wconf 76' lang='lat' dir='ltr'><strong>Iar</strong></span> <span class='ocrx_word' id='word_1_236' title='bbox 709 4224 918 4281; x_wconf 71' lang='lat' dir='ltr'><strong>Andrsdisclm</strong></span> <span class='ocrx_word' id='word_1_237' title='bbox 936 4221 1173 4292; x_wconf 73' lang='lat' dir='ltr'><strong>Bucllaendlung.</strong></span> <span class='ocrx_word' id='word_1_238' title='bbox 1203 4225 1287 4286; x_wconf 77' lang='lat'><strong>1817.</strong></span> 
     </span>
    </p>

    <p class='ocr_par' dir='ltr' id='par_1_11' title="bbox 639 4316 2138 4492">
     <span class='ocr_line' id='line_1_30' title="bbox 714 4316 2138 4394; baseline -0.004 -14"><span class='ocrx_word' id='word_1_239' title='bbox 714 4322 810 4380; x_wconf 82' lang='lat' dir='ltr'><strong>Oratio</strong></span> <span class='ocrx_word' id='word_1_240' title='bbox 835 4323 877 4379; x_wconf 85' lang='lat' dir='ltr'><strong>de</strong></span> <span class='ocrx_word' id='word_1_241' title='bbox 904 4322 1083 4378; x_wconf 83' lang='lat' dir='ltr'><strong>utilitate</strong></span> <span class='ocrx_word' id='word_1_242' title='bbox 1110 4316 1240 4376; x_wconf 78' lang='lat' dir='ltr'><strong>studii</strong></span> <span class='ocrx_word' id='word_1_243' title='bbox 1266 4319 1462 4376; x_wconf 78' lang='lat' dir='ltr'><strong>historiae</strong></span> <span class='ocrx_word' id='word_1_244' title='bbox 1495 4319 1757 4378; x_wconf 80' lang='lat' dir='ltr'><strong>scientiarum</strong></span> <span class='ocrx_word' id='word_1_245' title='bbox 1781 4322 2057 4394; x_wconf 74' lang='lat' dir='ltr'><strong>physicarum,</strong></span> <span class='ocrx_word' id='word_1_246' title='bbox 2084 4337 2138 4394; x_wconf 82' lang='lat' dir='ltr'><strong>pu·</strong></span> 
     </span>
     <span class='ocr_line' id='line_1_31' title="bbox 639 4418 2124 4492; baseline 0 -16"><span class='ocrx_word' id='word_1_247' title='bbox 639 4421 714 4479; x_wconf 78' lang='lat' dir='ltr'><strong>blica</strong></span> <span class='ocrx_word' id='word_1_248' title='bbox 733 4420 818 4484; x_wconf 82' lang='lat' dir='ltr'><strong>dicta,</strong></span> <span class='ocrx_word' id='word_1_249' title='bbox 837 4437 902 4474; x_wconf 86' lang='lat' dir='ltr'><strong>cum</strong></span> <span class='ocrx_word' id='word_1_250' title='bbox 920 4420 1117 4488; x_wconf 73' lang='lat' dir='ltr'><strong>magistratum</strong></span> <span class='ocrx_word' id='word_1_251' title='bbox 1135 4418 1331 4480; x_wconf 81' lang='lat' dir='ltr'><strong>academicum</strong></span> <span class='ocrx_word' id='word_1_252' title='bbox 1350 4420 1515 4492; x_wconf 82' lang='lat' dir='ltr'><strong>deponeret.</strong></span> <span class='ocrx_word' id='word_1_253' title='bbox 1550 4419 1631 4478; x_wconf 74' lang='lat'><strong>1819.</strong></span> <span class='ocrx_word' id='word_1_254' title='bbox 2121 4422 2124 4431; x_wconf 86' lang='grc'><strong>“</strong></span> 
     </span>
    </p>

    <p class='ocr_par' dir='ltr' id='par_1_12' title="bbox 639 4511 2137 4689">
     <span class='ocr_line' id='line_1_32' title="bbox 710 4511 2137 4586; baseline -0.004 -14"><span class='ocrx_word' id='word_1_255' title='bbox 710 4515 741 4572; x_wconf 80' lang='lat' dir='ltr'><strong>bl</strong></span> <span class='ocrx_word' id='word_1_256' title='bbox 752 4513 842 4586; x_wconf 85' lang='lat' dir='ltr'><strong>orph</strong></span> <span class='ocrx_word' id='word_1_257' title='bbox 853 4531 897 4570; x_wconf 91' lang='lat' dir='ltr'><strong>on</strong></span> <span class='ocrx_word' id='word_1_258' title='bbox 908 4514 1001 4570; x_wconf 85' lang='lat' dir='ltr'><strong>omia</strong></span> <span class='ocrx_word' id='word_1_259' title='bbox 1025 4513 1232 4577; x_wconf 76' lang='lat' dir='ltr'><strong>botanica,</strong></span> <span class='ocrx_word' id='word_1_260' title='bbox 1261 4513 1324 4572; x_wconf 73' lang='lat' dir='ltr'><strong>sias</strong></span> <span class='ocrx_word' id='word_1_261' title='bbox 1342 4512 1556 4571; x_wconf 74' lang='lat' dir='ltr'><strong>observationes</strong></span> <span class='ocrx_word' id='word_1_262' title='bbox 1572 4513 1649 4569; x_wconf 80' lang='lat' dir='ltr'><strong>circa</strong></span> <span class='ocrx_word' id='word_1_263' title='bbox 1664 4513 1877 4586; x_wconf 80' lang='lat' dir='ltr'><strong>proportionem</strong></span> <span class='ocrx_word' id='word_1_264' title='bbox 1896 4521 1926 4570; x_wconf 87' lang='lat' dir='ltr'><strong>et</strong></span> <span class='ocrx_word' id='word_1_265' title='bbox 1944 4511 2137 4571; x_wconf 76' lang='lat' dir='ltr'><strong>evolutionem</strong></span> 
     </span>
     <span class='ocr_line' id='line_1_33' title="bbox 639 4605 1934 4689; baseline -0.005 -19"><span class='ocrx_word' id='word_1_266' title='bbox 639 4615 763 4689; x_wconf 83' lang='lat' dir='ltr'><strong>partium</strong></span> <span class='ocrx_word' id='word_1_267' title='bbox 783 4613 965 4685; x_wconf 79' lang='lat' dir='ltr'><strong>plantarum,</strong></span> <span class='ocrx_word' id='word_1_268' title='bbox 985 4627 1050 4666; x_wconf 85' lang='lat' dir='ltr'><strong>cum</strong></span> <span class='ocrx_word' id='word_1_269' title='bbox 1072 4609 1169 4680; x_wconf 73' lang='lat' dir='ltr'><strong>figuris</strong></span> <span class='ocrx_word' id='word_1_270' title='bbox 1188 4607 1415 4682; x_wconf 74' lang='lat' dir='ltr'><strong>lithograpbicis.</strong></span> <span class='ocrx_word' id='word_1_271' title='bbox 1434 4636 1464 4650; x_wconf 87' lang='lat'><strong>·-</strong></span> <span class='ocrx_word' id='word_1_272' title='bbox 1485 4606 1621 4665; x_wconf 83' lang='lat' dir='ltr'><strong>Coloniae</strong></span> <span class='ocrx_word' id='word_1_273' title='bbox 1639 4607 1826 4682; x_wconf 79' lang='lat' dir='ltr'><strong>Agrippinae.</strong></span> <span class='ocrx_word' id='word_1_274' title='bbox 1854 4605 1934 4666; x_wconf 73' lang='lat'><strong>1820.</strong></span> 
     </span>
    </p>

    <p class='ocr_par' dir='ltr' id='par_1_13' title="bbox 635 4699 2137 5077">
     <span class='ocr_line' id='line_1_34' title="bbox 708 4699 2136 4783; baseline -0.007 -15"><span class='ocrx_word' id='word_1_275' title='bbox 708 4711 785 4768; x_wconf 86' lang='lat' dir='ltr'><strong>Sunt</strong></span> <span class='ocrx_word' id='word_1_276' title='bbox 802 4720 831 4766; x_wconf 89' lang='lat' dir='ltr'><strong>et</strong></span> <span class='ocrx_word' id='word_1_277' title='bbox 849 4709 905 4783; x_wconf 67' lang='lat' dir='ltr'><strong>alia</strong></span> <span class='ocrx_word' id='word_1_278' title='bbox 922 4699 1009 4766; x_wconf 75' lang='lat' dir='ltr'><strong>buius</strong></span> <span class='ocrx_word' id='word_1_279' title='bbox 1027 4707 1101 4768; x_wconf 79' lang='lat' dir='ltr'><strong>viri·</strong></span> <span class='ocrx_word' id='word_1_280' title='bbox 1112 4707 1252 4780; x_wconf 78' lang='lat' dir='ltr'><strong>opuscula</strong></span> <span class='ocrx_word' id='word_1_281' title='bbox 1270 4715 1300 4762; x_wconf 88' lang='lat' dir='ltr'><strong>et</strong></span> <span class='ocrx_word' id='word_1_282' title='bbox 1328 4705 1488 4776; x_wconf 76' lang='lat' dir='ltr'><strong>fragmenta</strong></span> <span class='ocrx_word' id='word_1_283' title='bbox 1507 4704 1618 4759; x_wconf 83' lang='lat' dir='ltr'><strong>minora</strong></span> <span class='ocrx_word' id='word_1_284' title='bbox 1632 4721 1768 4777; x_wconf 82' lang='lat' dir='ltr'><strong>operum,</strong></span> <span class='ocrx_word' id='word_1_285' title='bbox 1784 4722 1836 4779; x_wconf 85' lang='lat' dir='ltr'><strong>per</strong></span> <span class='ocrx_word' id='word_1_286' title='bbox 1855 4706 1950 4762; x_wconf 81' lang='lat' dir='ltr'><strong>varios</strong></span> <span class='ocrx_word' id='word_1_287' title='bbox 1969 4705 2058 4759; x_wconf 83' lang='lat' dir='ltr'><strong>libros</strong></span> <span class='ocrx_word' id='word_1_288' title='bbox 2075 4712 2136 4758; x_wconf 80' lang='lat' dir='ltr'><strong>tuna</strong></span> 
     </span>
     <span class='ocr_line' id='line_1_35' title="bbox 640 4799 2136 4878; baseline -0.011 -12"><span class='ocrx_word' id='word_1_289' title='bbox 640 4811 732 4866; x_wconf 79' lang='lat' dir='ltr'><strong>critici</strong></span> <span class='ocrx_word' id='word_1_290' title='bbox 752 4807 932 4878; x_wconf 61' lang='lat' dir='ltr'><strong>affirmanti,</strong></span> <span class='ocrx_word' id='word_1_291' title='bbox 959 4815 1020 4862; x_wconf 88' lang='lat' dir='ltr'><strong>tum</strong></span> <span class='ocrx_word' id='word_1_292' title='bbox 1040 4806 1155 4865; x_wconf 75' lang='lat' dir='ltr'><strong>lenioris</strong></span> <span class='ocrx_word' id='word_1_293' title='bbox 1175 4805 1261 4868; x_wconf 79' lang='lat' dir='ltr'><strong>etiam</strong></span> <span class='ocrx_word' id='word_1_294' title='bbox 1279 4812 1367 4874; x_wconf 81' lang='lat' dir='ltr'><strong>atque</strong></span> <span class='ocrx_word' id='word_1_295' title='bbox 1384 4804 1419 4858; x_wconf 88' lang='lat' dir='ltr'><strong>ad</strong></span> <span class='ocrx_word' id='word_1_296' title='bbox 1439 4801 1528 4860; x_wconf 85' lang='lat' dir='ltr'><strong>animi</strong></span> <span class='ocrx_word' id='word_1_297' title='bbox 1546 4799 1765 4857; x_wconf 81' lang='lat' dir='ltr'><strong>delectationem</strong></span> <span class='ocrx_word' id='word_1_298' title='bbox 1784 4799 1879 4872; x_wconf 84' lang='lat' dir='ltr'><strong>potius</strong></span> <span class='ocrx_word' id='word_1_299' title='bbox 1897 4801 2070 4872; x_wconf 83' lang='lat' dir='ltr'><strong>spectastis,</strong></span> <span class='ocrx_word' id='word_1_300' title='bbox 2090 4799 2136 4851; x_wconf 87' lang='lat' dir='ltr'><strong>di·</strong></span> 
     </span>
     <span class='ocr_line' id='line_1_36' title="bbox 635 4883 2136 4980; baseline -0.011 -16"><span class='ocrx_word' id='word_1_301' title='bbox 635 4883 757 4980; x_wconf 73' lang='lat' dir='ltr'><strong>sperat,</strong></span> <span class='ocrx_word' id='word_1_302' title='bbox 784 4922 904 4979; x_wconf 75' lang='lat' dir='ltr'><strong>quorum</strong></span> <span class='ocrx_word' id='word_1_303' title='bbox 923 4919 1034 4976; x_wconf 74' lang='lat' dir='ltr'><strong>anun,</strong></span> <span class='ocrx_word' id='word_1_304' title='bbox 1059 4903 1091 4960; x_wconf 91' lang='lat' dir='ltr'><strong>in</strong></span> <span class='ocrx_word' id='word_1_305' title='bbox 1117 4916 1173 4974; x_wconf 88' lang='lat' dir='ltr'><strong>quo</strong></span> <span class='ocrx_word' id='word_1_306' title='bbox 1195 4899 1306 4959; x_wconf 85' lang='lat' dir='ltr'><strong>edendo</strong></span> <span class='ocrx_word' id='word_1_307' title='bbox 1333 4906 1428 4972; x_wconf 85' lang='lat' dir='ltr'><strong>partes</strong></span> <span class='ocrx_word' id='word_1_308' title='bbox 1455 4915 1525 4954; x_wconf 79' lang='lat' dir='ltr'><strong>suas</strong></span> <span class='ocrx_word' id='word_1_309' title='bbox 1536 4896 1605 4953; x_wconf 88' lang='lat' dir='ltr'><strong>inde</strong></span> <span class='ocrx_word' id='word_1_310' title='bbox 1623 4899 1658 4953; x_wconf 87' lang='lat' dir='ltr'><strong>ab</strong></span> <span class='ocrx_word' id='word_1_311' title='bbox 1675 4913 1750 4954; x_wconf 79' lang='lat' dir='ltr'><strong>anno</strong></span> <span class='ocrx_word' id='word_1_312' title='bbox 1775 4897 1847 4958; x_wconf 80' lang='lat'>1810</span> <span class='ocrx_word' id='word_1_313' title='bbox 1863 4914 1956 4970; x_wconf 82' lang='lat' dir='ltr'><strong>usque</strong></span> <span class='ocrx_word' id='word_1_314' title='bbox 1975 4898 2010 4951; x_wconf 82' lang='lat' dir='ltr'><strong>ad</strong></span> <span class='ocrx_word' id='word_1_315' title='bbox 2028 4912 2136 4950; x_wconf 81' lang='lat' dir='ltr'><strong>aarum</strong></span> 
     </span>
     <span class='ocr_line' id='line_1_37' title="bbox 637 4993 2137 5077; baseline -0.01 -17"><span class='ocrx_word' id='word_1_316' title='bbox 637 5005 709 5062; x_wconf 80' lang='grc'><strong>1818</strong></span> <span class='ocrx_word' id='word_1_317' title='bbox 732 5004 794 5077; x_wconf 82' lang='lat' dir='ltr'><strong>ipsa</strong></span> <span class='ocrx_word' id='word_1_318' title='bbox 817 5004 876 5072; x_wconf 78' lang='lat' dir='ltr'><strong>egit</strong></span> <span class='ocrx_word' id='word_1_319' title='bbox 899 5001 1062 5068; x_wconf 76' lang='lat' dir='ltr'><strong>cassellas,</strong></span> <span class='ocrx_word' id='word_1_320' title='bbox 1091 5001 1256 5057; x_wconf 75' lang='lat' dir='ltr'><strong>nominasse</strong></span> <span class='ocrx_word' id='word_1_321' title='bbox 1285 4997 1427 5061; x_wconf 77' lang='lat' dir='ltr'><strong>sufficiat,</strong></span> <span class='ocrx_word' id='word_1_322' title='bbox 1455 4997 1483 5050; x_wconf 80' lang='lat' dir='ltr'><strong>le</strong></span> <span class='ocrx_word' id='word_1_323' title='bbox 1500 4995 1631 5051; x_wconf 65' lang='lat' dir='ltr'><strong>arerem</strong></span> <span class='ocrx_word' id='word_1_324' title='bbox 1654 4997 1695 5051; x_wconf 72' lang='lat' dir='ltr'><strong>du</strong></span> <span class='ocrx_word' id='word_1_325' title='bbox 1715 4993 1911 5064; x_wconf 76' lang='lat' dir='ltr'><strong>Depamment</strong></span> <span class='ocrx_word' id='word_1_326' title='bbox 1936 4996 1970 5048; x_wconf 79' lang='lat' dir='ltr'><strong>de</strong></span> <span class='ocrx_word' id='word_1_327' title='bbox 1996 4995 2027 5045; x_wconf 80' lang='lat' dir='ltr'><strong>la</strong></span> <span class='ocrx_word' id='word_1_328' title='bbox 2048 4993 2137 5056; x_wconf 76' lang='lat' dir='ltr'><strong>Reor,</strong></span> 
     </span>
    </p>
   </div>
   <div class='ocr_carea' id='block_1_8' title="bbox 563 5088 1889 5173">
    <p class='ocr_par' dir='ltr' id='par_1_14' title="bbox 563 5088 1889 5173">
     <span class='ocr_line' id='line_1_38' title="bbox 563 5088 1889 5173; baseline -0.011 -14"><span class='ocrx_word' id='word_1_329' title='bbox 563 5113 567 5121; x_wconf 88' lang='grc'><strong>’</strong></span> <span class='ocrx_word' id='word_1_330' title='bbox 639 5100 774 5158; x_wconf 78' lang='lat' dir='ltr'><strong>Coloniae</strong></span> <span class='ocrx_word' id='word_1_331' title='bbox 789 5099 975 5173; x_wconf 81' lang='lat' dir='ltr'><strong>impressum.</strong></span> <span class='ocrx_word' id='word_1_332' title='bbox 1739 5089 1777 5144; x_wconf 71' lang='lat' dir='ltr'><strong>li.</strong></span> <span class='ocrx_word' id='word_1_333' title='bbox 1795 5088 1833 5143; x_wconf 73' lang='lat' dir='ltr'><strong>ab</strong></span> <span class='ocrx_word' id='word_1_334' title='bbox 1850 5089 1889 5144; x_wconf 74' lang='grc' dir='ltr'><strong>ἱ.</strong></span> 
     </span>
    </p>
   </div>
   <div class='ocr_carea' id='block_1_9' title="bbox 0 0 2350 6133">
    <p class='ocr_par' dir='ltr' id='par_1_15' title="bbox 0 0 2350 6133">
     <span class='ocr_line' id='line_1_39' title="bbox 0 0 2350 6133; baseline 0 0"><span class='ocrx_word' id='word_1_335' title='bbox 0 0 2350 6133; x_wconf 95' lang='lat' dir='ltr'><strong> </strong></span> 
     </span>
    </p>
   </div>
  </div>
 </body>
</html>
