4692 6142
203 1454 423 1626 Etiamsi
464 1531 613 1643 negari
650 1558 739 1613 non
780 1529 939 1643 possit,
997 1537 1251 1639 muscorum
1297 1521 1611 1612 frondosarum
1634 1639 1641 1652 Ι
1668 1523 1805 1621 histo·

202 1680 317 1761 'rinm
345 1703 368 1756 ιι
395 1672 531 1756 nostri
565 1670 661 1754 aevi
689 1667 903 1755 botanicis
935 1699 1106 1756 summo
1137 1666 1297 1752 studio.
1323 1692 1367 1753 et
1397 1667 1546 1795 aliqua
1582 1660 1808 1784 piaedsse·

201 1817 378 1918 ctione,
412 1835 461 1923 ιιι
497 1809 646 1917 aiunt,
696 1810 911 1894 excultam
944 1809 1227 1930 plurimaque
1270 1840 1429 1929 genera
1457 1813 1516 1896 ita
1544 1812 1804 1936 ‚scrupulose

201 1958 447 2047 examinata
478 1982 592 2058 esse,
645 1975 694 2042 ut
734 1951 1027 2039 desideranda
1067 1956 1141 2040 vix
1172 1934 1480 2062 inveniamur,
1536 1978 1684 2043 tamen
1714 1974 1805 2042 non

203 2104 350 2186 minus
378 2122 546 2184 certum
579 2097 745 2201 heheu,
777 2099 992 2184 nonnulla
1022 2129 1273 2184 muscorum
1307 2095 1466 2209 gene'ra
1499 2094 1617 2188 fiand
1646 2099 1705 2185 ita
1747 2096 1804 2181 ad

204 2272 396 2354 unguem
437 2262 641 2341 tractata,
690 2235 770 2322 sed
807 2242 932 2351 parvi
973 2241 1118 2351 potius
1161 2239 1385 2326 aestimata
1425 2261 1555 2354 atque
1603 2235 1801 2348 neglecta

203 2382 349 2467 fuisse.
412 2380 522 2463 Sunt
553 2382 697 2482 enim,
732 2375 786 2460 de
820 2408 1011 2494 quorum
1045 2380 1294 2464 charactere
1329 2381 1534 2493 generico
1569 2377 1794 2490 disputate

202 2545 376 2606 autores
422 2521 494 2604 vix
527 2519 845 2622 desiverunt,
855 2549 968 2633 quae
1008 2502 1235 2635 praeterea
1274 2523 1520 2634 specierum
1557 2493 1798 2604 dubiarum

203 2658 422 2773 farragine
450 2681 711 2776 premuntur
742 2684 786 2744 et
814 2689 1163 2775 synonymorum
1196 2663 1455 2750 confusione
1488 2663 1691 2748 laborant
1730 2664 1806 2745 tix

206 2801 482 2909 extricabili3
542 2801 704 2919 quibus
748 2830 853 2914 prae
902 2807 1058 2888 ceteris
1103 2805 1334 2920 antiquum
1378 2835 1512 2917 genus
1552 2781 1802 2887 Tortultt

206 2942 590 3028 adnumerandum
623 2942 816 3048 videtur,
847 2944 1057 3059 singulari
1087 2943 1177 3030 sato
1208 2969 1424 3029 vexatum
1454 2944 1629 3058 Species
1662 2943 1799 3046 enim,

206 3117 314 3204 quas
346 3087 480 3172 hocce
516 3117 650 3201 genus
698 3089 785 3174 iam
818 3090 1158 3204 complectitur,
1211 3087 1540 3204 antiquioribus
1585 3085 1802 3177 botanicis

206 3253 411 3341 exparte
447 3229 631 3347 quidem
657 3255 813 3336 notae,
855 3231 936 3319 sed
966 3202 1078 3318 intei
1106 3231 1279 3316 diversa
1314 3262 1470 3344 genera
1502 3231 1727 3345 dispersae
1759 3251 1804 3314 et

208 3371 334 3487 quasi
363 3372 619 3485 deperditae
646 3399 788 3480 erant,
820 3373 1072 3495 usquedum
1097 3371 1452 3483 Hedwigius,
1485 3372 1554 3456 vir
1583 3374 1806 3456 immorta-

206 3510 289 3615 lis,
328 3510 856 3618 chanticummuscorum
889 3546 1064 3631 gregem
1094 3519 1361 3630 perlustrans
1394 3543 1637 3630 eorumque
1677 3543 1803 3624 gene·

212 3685 260 3736 ra
292 3653 480 3740 firmiori
513 3655 802 3742 fundamento
833 3683 1153 3775 supersumus,
1192 3659 1287 3742 illas
1318 3687 1496 3774 qnoque
1523 3656 1605 3740 sub
1632 3651 1806 3741 duobu's

210 3795 445 3908 generibus
491 3803 801 3913 congregavit,
842 3802 1078 3888 Barbula
1115 3825 1159 3888 et
1204 3803 1434 3887 Tortula
1474 3797 1617 3885 dictis.
1678 3800 1804 3886 Licet

211 3961 356 4022 autern
412 3969 566 4053 magna
599 3949 990 4062 circumspectione
1024 3949 1106 4032 hoc
1147 3947 1298 4050 labore
1356 3948 1613 4062 perlunctus
1649 3944 1704 4028 sit
1734 3945 1801 4030 vir

212 4109 432 4185 summus,
475 4085 625 4197 negari
658 4111 801 4176 tamen
824 4089 979 4177 forsan
1007 4123 1095 4175 non
1122 4093 1311 4207 poterit,
1361 4122 1465 4176 eum
1501 4088 1605 4176 haec
1646 4117 1806 4204 genera

213 4247 301 4302 non
333 4224 431 4304 satis
460 4251 584 4312 acute
616 4257 640 4311 a
672 4233 939 4319 seinvicem
974 4237 1193 4322 disiuncta
1225 4237 1442 4348 certisque
1479 4222 1763 4325 limitibus
1726 4263 1809 4316 ctr-

215 4361 478 4473 cumscripta
511 4365 773 4482 reliquisse,
807 4401 909 4454 curn
940 4376 1066 4477 solis,
1111 4405 1222 4492 quos
1255 4398 1444 4477 vocant,
1477 4373 1665 4460 floribus
1693 4403 1805 4460 mas·

128 4606 133 4615 ,
214 4497 357 4583 culis
352 4529 544 4586 mmmm
575 4507 765 4614 innisus,
818 4516 1152 4625 peristomatum
1194 4517 1414 4604 diversam
1447 4515 1643 4601 indolem
1674 4517 1803 4628 plane

216 4641 483 4754 neglexerit,
513 4673 602 4758 quo
624 4648 787 4739 sactum
811 4655 925 4743 forte
947 4685 1037 4765 est,
1079 4686 1127 4744 nt
1147 4683 1351 4744 autorum
1384 4656 1587 4741 nonnulli
1630 4655 1809 4764 (Dick'
1857 4761 1869 4780 ι

215 4811 371 4871 sonus
441 4783 827 4915 Hoffmannus)
854 4782 1010 4886 eadem
1042 4801 1167 4915 Bryis
1205 4797 1496 4921 adpumerare
1524 4823 1698 4882 strenue
1738 4797 1808 4876 in

213 4916 429 5033 stiterint3
478 4926 552 5029 alii
591 4956 696 5012 vero
739 4931 1129 5052 (Schrebetffus
1181 4940 1482 5044 smithius,
1534 4935 1802 5024 sehr-ade
1867 5025 1873 5032 ,

217 5093 334 5172 rus,
368 5065 680 5184 Hookeru‘d
702 5097 937 5198 utrumque
966 5118 1098 5200 genus
1125 5085 1335 5171 Tottulae
1364 5083 1541 5176 nomine
1570 5081 1806 5167 coniunxe-

1386 5229 1433 5301 25
