4692 6142
594 635 671 720 xxi

593 883 665 973 que
694 875 930 946 Brenitorum
957 874 1033 948 rim
1059 885 1096 952 at
1129 871 1286 964 gloriam
1307 869 1410 965 -apnd
1434 882 1583 943 exteros
1609 870 1794 966 principes
1817 873 2047 968 populosque
2078 880 2178 969 pr'aess

593 1013 678 1084 atita
713 1011 796 1081 sint.
875 1008 994 1102 Atque
1031 1005 1201 1100 proiectu
1235 1025 1386 1100 prorsus
1426 1005 1614 1099 superflua
1644 1004 1745 1084 {oret
1776 1004 1858 1077 talis
1891 1031 2024 1104 opera,
2060 1006 2178 1106 quodsi

594 1147 703 1218 etiam
733 1143 939 1216 moliendae
966 1144 1044 1214 eius
1072 1141 1156 1210 data
1180 1139 1288 1214 nobis
1312 1149 1409 1212 esset
1433 1137 1606 1210 facultas:
1641 1162 1726 1212 nam
1758 1151 1946 1234 gestorum
1981 1129 2178 1239 magnitudo

593 1275 635 1350 et'
656 1279 814 1348 claritas.
829 1279 907 1372 ipsa
930 1268 1171 1346 'disertissimo
1198 1272 1365 1368 loquitur
1391 1294 1479 1363 ore,
1517 1284 1556 1342 et
1587 1273 1651 1368 qni
1675 1279 1916 1369 praesentem
1939 1289 2094 1349 aetatem
2116 1271 2178 1350 ba-

545 1427 551 1438 ‘
593 1415 756 1484 buerunt
782 1411 930 1484 virtutis
967 1409 1224 1506 praecellentis
1262 1407 1403 1501 gloriae
1437 1417 1595 1497 testem,
1623 1408 1870 1502 posteriorem
1903 1410 2094 1484 invenient
2122 1418 2176 1485 iu-

590 1558 687 1619 stum
712 1557 927 1640 gratumque
953 1556 1146 1615 tantorum*
1163 1542 1436 1636 exemplarium
1462 1544 1775 1614 conservatorem.

595 1726 604 1736 ·
660 1680 860 1752 ,Attamen
896 1681 976 1776 quis
1013 1691 1090 1768 est,
1134 1702 1296 1770 quaeso,
1332 1699 1457 1751 amans
1490 1677 1630 1770 patriae
1664 1673 1865 1770 Recrsque
1898 1688 1936 1748 et
1970 1678 2174 1754 Auunsrar

588 1811 692 1886 Erus
717 1812 889 1902 Domus,
919 1814 1003 1907 qui,
1045 1812 1206 1882 animum
1247 1810 1505 1884 recordatione
1535 1831 1715 1880 annorum
1749 1811 1900 1880 illorum
1940 1815 2061 1906 1813,
2093 1817 2177 1900 1814

588 1961 626 2021 et
660 1949 776 2036 1815,
814 1948 854 2016 in
879 1947 1145 2041 sempiternum
1172 1925 1493 2035 memorabilium,
1521 1941 1697 2038 pascens,
1724 1943 1795 2016 sibi
1819 1955 2034 2044 temperare
2059 1952 2172 2044 possit,

588 2084 676 2179 quin
703 2081 812 2152 simul
837 2082 876 2152 in
902 2081 1126 2176 gratissimas
1150 2080 1442 2173 magnanimium.
1463 2077 1703 2152 consiliorum
1729 2088 2012 2176 gestorumque,
2040 2084 2171 2177 quibus,

587 2216 716 2287 Recta
743 2217 906 2290 animum
932 2216 1070 2314 optime
1110 2215 1340 2307 intelligens,
1380 2213 1780 2310 Hardenbergius
1815 2207 1896 2287 rem
1926 2200 2072 2288 sacram
2106 2218 2174 2288 Bo-

587 2355 725 2422 rnssiae
752 2370 947 2448 oppressae
972 2349 1186 2422 liberandae
1220 2361 1258 2418 et
1289 2349 1329 2418 iu
1361 2348 1552 2442 pristinam
1585 2350 1873 2442 magnitudinem
1909 2375 1950 2421 ac
1986 2355 2172 2448 potentian

584 2487 833 2560 restituendae
879 2484 1096 2558 immortali
1119 2485 1256 2558 merito
1302 2481 1436 2554 aluerit
1486 2483 1772 2580 adiuveritqne,
1811 2484 1992 2558 efferatur
2033 2483 2171 2559 laudes?

582 2623 730 2696 Primus
757 2623 862 2719 Ipse
886 2617 979 2713 fuit,
1018 2623 1082 2716 qui
1105 2632 1200 2691 nutu
1227 2618 1356 2690 Recta
1383 2618 1526 2690 heroici
1558 2620 1747 2713 impavido
1783 2621 1907 2692 animo
1932 2631 2036 2714 tum,
2072 2644 2169 2717 quun

582 2755 700 2827 adhuc
726 2758 888 2828 hostium
917 2757 1044 2852 copiae
1070 2756 1228 2849 patriam
1261 2755 1497 2847 obsiderent,
1532 2755 1764 2827 iuventutem
1798 2748 2039 2830 Brennorum
2072 2755 2171 2827 belli-

582 2915 730 2982 cosam,
758 2891 821 2960 diu
847 2890 1081 2980 frementem,
1109 2892 1156 2960 ad
1183 2912 1285 2960 arma
1309 2886 1646 2983 capienda'litteris
1671 2889 1850 2984 publicis,
1879 2892 1929 2963 ab
1952 2896 2066 2986 Ipso
2090 2890 2168 2962 sub-

581 3026 725 3120 scriptis
752 3025 963 3119 amissisque
975 3079 985 3114 ‚
1011 3036 1254 3120 provocaret,
1282 3024 1490 3095 incredibili
1515 3023 1667 3098 fervore
1691 3022 1831 3116 fretus,
1858 3047 1934 3120 qno
1958 3035 2167 3103 convocatae

580 3160 754 3234 iuvenum
782 3161 1024 3256 virorumque
1050 3158 1225 3252 legiones,
1254 3160 1398 3253 ipsique
1423 3161 1608 3249 veterani,
1637 3156 1684 3228 ad
1709 3181 1816 3229 arma
1841 3147 2061 3261 aquilasque
2085 3181 2168 3231 con-

580 3304 795 3384 currerent,
832 3296 999 3386 agrisque
1028 3303 1065 3362 et
1089 3292 1281 3386 penatibus
1307 3290 1507 3362 laetissima
1529 3315 1594 3386 spe
1630 3291 1787 3382 relictis,
1802 3283 1972 3364 ·Rssc1s'
1992 3315 2114 3374 amore
2137 3301 2168 3360 et

578 3429 689 3500 Eius
716 3427 866 3499 Amici
892 3425 1022 3498 fiducia
1050 3427 1164 3518 ducti,
1192 3428 1240 3497 ad
1264 3427 1409 3498 hostem
1435 3417 1698 3499 debellandum
1724 3441 1762 3500 et
1786 3451 1807 3498 e
1832 3430 1954 3522 patria
1980 3427 2165 3524 fugandum

580 3572 846 3633 concertarent.
885 3557 1013 3634 Novit
1037 3562 1138 3632 orbis
1172 3560 1424 3657 tenebuntque
1454 3563 1614 3656 posteri,
1649 3572 1787 3658 quanto
1820 3575 1859 3635 et
1888 3585 2003 3659 qnam
2035 3557 2165 3637 aemulo

577 3697 726 3788 ardore,
749 3696 814 3771 „rel
838 3667 1114 3766 fidentissimam
1142 3695 1453 3790 exspectationem
1478 3709 1690 3790 superante,
1719 3697 1789 3768 llos
1812 3709 1850 3767 et
1875 3696 2166 3773 risBrennorum

475 3867 489 3890 ν
572 3833 714 3926 gentis,
741 3831 904 3926 undique
929 3829 1134 3917 confluens,
1164 3831 1376 3902 excitationi
1404 3833 1450 3901 ad
1478 3855 1568 3928 opus
1592 3832 1862 3904 nobilissimum
1888 3813 2165 3928 aggrediendum

577 3965 831 4058 responderit,
864 3974 903 4036 et
926 3973 1063 4058 quanta
1089 3965 1247 4053 virtute,
1284 3961 1506 4037 fortitudine
1532 3977 1571 4036 et
1595 3968 1800 4061 pervicacia
1826 3967 1936 4038 duces
1963 3968 2161 4058 militesque

577 4099 804 4169 exercituum
831 4097 1137 4188 Bomssicoruru,
1172 4099 1288 4170 Reae
1323 4099 1429 4194 Ipso
1455 4099 1658 4175 fortissimo
1684 4113 1722 4173 et
1746 4093 2036 4196 impavidissimo
2061 4117 2164 4194 prae-

578 4245 712 4325 eunte,
751 4253 831 4304 rem
857 4231 998 4328 patriae
1024 4231 1280 4323 defenderint,
1315 4244 1443 4330 totque
1476 4236 1627 4331 praeliis
1661 4258 1754 4310 cum,
1779 4221 1884 4308 hoste
1911 4235 1984 4308 acri
2013 4234 2163 4323 fortique

577 4367 842 4458 conflictantes,
871 4379 1109 4464 veteremque
1127 4389 1318 4438 armorum
1339 4367 1492 4461 gloriam
1518 4359 1666 4465 egregie
1681 4380 1840 4459 tuentes,
1869 4359 2020 4441 tandem
2038 4368 2165 4462 trium-

573 4505 727 4598 phantes
750 4502 907 4576 victores
925 4502 1056 4574 urbem
1082 4503 1287 4596 principem
1315 4505 1433 4598 regni,
1461 4517 1540 4576 tum
1561 4505 1723 4597 -ltostilis,
1750 4505 1947 4595 intrarent,
1975 4505 2163 4575 iteratum·

575 4656 646 4732 que
671 4635 771 4708 hunc
795 4635 1025 4733 triumphum
1051 4657 1149 4706 anno
1172 4639 1344 4731 proximo
1370 4629 1541 4731 agerent,
1583 4630 1621 4711 et
1646 4625 1912 4733 pacans'regni
1937 4638 2033 4707 illius
2060 4636 2160 4722 rebus

533 4811 538 4828 ·
573 4771 764 4866 veterique
800 4769 853 4843 ibi
890 4787 1018 4864 regum
1051 4771 1189 4843 throno
1230 4771 1422 4861 restituto,
1468 4796 1551 4844 cum
1585 4772 1686 4844 illius
1720 4771 1861 4847 civibus
1897 4772 1936 4842 in
1969 4769 2158 4843 amicitiam
2286 4761 2288 4801 l

573 4903 749 4974 redirent.
776 4904 882 4975 Pacis
907 4905 1189 5000 gloriosissimae
1216 4904 1426 4976 conciliatio
1450 4897 1602 5001 duplex,
1631 4916 1710 4976 tum
1736 4905 1814 4999 illa,
1840 4928 1952 5001 quam
1977 4906 2080 5002 prior
2102 4919 2185 5000 ut·⁴

457 5002 461 5012 ι
573 5039 629 5110 bis
666 5037 837 5109 Lutetiae
865 5003 1115 5134 ¹expugnatio,
1156 5040 1180 5108 d
1223 5059 1254 5110 1.
1281 5037 1375 5109 Maii
1404 5041 1501 5125 1814
1523 5063 1545 5109 a
1570 5039 1770 5124 foederatis
1804 5039 2025 5114 exercitibus
2055 5034 2154 5117 facta,

570 5184 718 5266 pastae
743 5174 922 5265 duxerat,
960 5198 1069 5269 quam
1097 5173 1240 5269 altera,
1276 5195 1371 5271 quae
1395 5197 1492 5245 anno
1516 5175 1685 5269 proxime
1709 5185 1902 5270 sequente,
1928 5186 2011 5270 post
2035 5170 2152 5252 breve,
