4692 6142
525 582 579 660 32
852 580 1142 674 Mannum,
1167 578 1304 654 Purus
1329 600 1382 653 zu
1406 580 1799 680 Wrnn-Nsuwrnn,

404 856 438 913 ·.
530 782 729 887 structis,
762 778 865 864 huic
894 779 1145 903 peculiaris
1162 799 1239 864 ost.
1268 713 1371 865 llari
1390 759 1543 884 modu,
1574 800 1706 899 atque
1725 768 1822 892 illa,
1845 782 2016 877 'Allium
2039 793 2141 881 sati·

532 952 640 1008 unm
670 921 800 1007 valdo
832 922 1020 1015 redolet.

648 1096 991 1187 Petiveriam
1037 1092 1332 1183 alliaceam
1360 1096 1479 1187 hisco
1511 1098 1748 1191 definimus
1777 1108 1916 1198 notis:

587 1274 637 1374 P.
668 1273 788 1363 foliis
818 1276 1017 1391 oblongis
1046 1273 1211 1383 acutis,
1256 1272 1439 1364 floribus
1470 1272 1717 1365 herandris.

831 1616 1750 1731 '.Amaranthaceao

999 1866 1317 1954 Chamissoa
1353 1864 1630 1953 altissima

644 2081 825 2167 Descr.
886 2076 1089 2163 Altitudo
1119 2074 1287 2192 pedum
1314 2081 1358 2173 3
1416 2074 1546 2163 Folia
1574 2074 1725 2163 subtus
1755 2079 1829 2167 vix
1859 2081 1916 2169 ad
1946 2110 2120 2204 nervos,

512 2240 580 2309 'ac
615 2252 670 2308 ne
700 2222 773 2308 vix
795 2192 997 2337 quidem,
1019 2218 1339 2334 pubescentia,
1371 2216 1467 2305 basi
1485 2181 1579 2306 fero
1600 2242 1832 2306 truncato·
1839 2248 1964 2312 ovata
1996 2252 2127 2346 atque

527 2369 576 2453 in
607 2364 824 2483 petiolum
863 2365 1071 2449 villosum
1102 2390 1341 2479 parumper
1387 2383 1633 2467 attenuata,
1690 2362 1819 2478 longe
1859 2370 2125 2474 acuminata,

524 2510 722 2622 margine
764 2508 923 2593 ciliata.
980 2504 1110 2619 Spica
1150 2504 1392 2590 terminalis
1425 2506 1689 2619 composita,
1722 2507 1902 2612 foliosa,
1940 2506 2126 2597 floribus

524 2649 788 2763 glomeratis.
849 2646 1040 2761 Capsula
1086 2645 1270 2730 calicem
1303 2673 1517 2763 aequans,
1577 2646 1938 2761 lagenuelormis,
2005 2678 2124 2735 com-

521 2822 694 2909 pressa,
752 2820 1084 2903 monosperma,
1155 2790 1308 2901 grisea.
1410 2789 1618 2903 Stigmata
1658 2786 1969 2879 2.-Maxime
2015 2792 2125 2887 baeu

525 2929 722 3044 ambigit
741 2930 1118 3018 altissimam
1104 2952 1221 3014 mter
1260 2952 1306 3018 et
1342 2959 1795 3048 macrocarpam,
1828 2955 1880 3021 ut
1916 2933 2030 3024 {orte
2072 2934 2129 3020 sit

522 3105 605 3191 pro
636 3076 790 3190 specie
794 3075 993 3189 propria
1024 3070 1295 3157 habenda:

641 3216 724 3304 Ch.
755 3217 878 3301 canl'e
910 3213 1174 3321 fructuoso,
1207 3213 1327 3301 foliis
1357 3235 1513 3301 ovato·
1494 3175 1723 3329 -oblongis
1747 3214 2007 3303 acuminatis
2030 3212 2122 3323 basi

520 3358 819 3448 mbtruncatis
848 3358 1009 3473 glabris
1039 3359 1236 3472 margine
1266 3356 1534 3477 petiolisque
1565 3358 1752 3467 ciliatis,
1791 3360 1979 3478 capsulis
2007 3356 2123 3503 lage·

522 3497 823 3603 naulormibus
853 3498 1130 3614 longitudine
1161 3498 1325 3585 calicis.

528 3645 693 3733 A=d
722 3645 839 3737 vium
868 3644 906 3733 F
914 3642 1297 3733 eltsbcrtram

918 4136 921 4145 .
1080 3982 1544 4137 Urticeae
1792 4138 1798 4147 ι

679 4227 878 4319 Ustica
907 4226 1270 4344 grandifolia
1297 4226 1376 4315 W.
1408 4228 1482 4345 sp.
1512 4228 1575 4345 pl.
1608 4226 1681 4319 lv.
1712 4227 1744 4315 1.
1776 4259 1819 4345 p.
1852 4230 1952 4335 349.

634 4447 753 4537 Duas
785 4446 866 4535 sub
897 4448 979 4537 isto
1012 4448 1192 4537 nomine
1222 4448 1359 4538 latere
1393 4449 1559 4565 species
1588 4450 1984 4567 persuadeamus,
2011 4472 2111 4535 sunt

451 4604 457 4621 '
516 4612 682 4681 aulem:

623 4764 680 4855 U.
714 4758 1065 4879 grandisolia
1095 4760 1196 4849 Lin.
1229 4785 1274 4850 et
1302 4762 1538 4869 Suartz,
1583 4763 1701 4851 loliis
1734 4762 1945 4878 oppositis
1974 4759 2112 4847 oratis

516 4905 792 5016 (acuminatis
825 4930 967 5018 grosse
997 4899 1236 5023 serratis),
1282 4904 1455 5018 stipulis
1486 4904 1677 4993 cordatis
1707 4904 1935 5010 indivisis,
1993 4931 2133 4990 race·-
2232 5017 2240 5029 .

512 5049 594 5136 ntis
625 5049 734 5136 lolio
763 5044 1063 5164 longioribus3
1121 5076 1262 5167 eaque
1298 5045 1508 5146 fruticosa
1567 5078 1658 5138 esso
1695 5048 1974 5167 perhibetur,
2010 5024 2054 5115 Ᾰ-
2074 5066 2121 5131 et
