4692 6142
451 446 578 599 Ιω
667 573 672 581 ,
1072 504 1534 602 C.F.Bnuun,
1635 565 1639 574 .

502 794 505 802 ,
621 700 751 789 Oba.
812 698 883 787 An
913 696 970 787 Η.
1010 698 1356 792 denticulati
1394 724 1527 791 emtus
1557 697 1791 821 iuvenilis?
1849 698 2113 787 Similitudo

505 840 655 961 aliqua
679 863 745 927 est
772 840 941 929 formae
961 821 1032 927 ff·
1050 840 1105 928 di
1120 840 1287 928 choto
1298 843 1395 950 mi,
1424 842 1508 931 sed
1536 842 2110 954 differtrstaturaminorer

504 984 766 1106 praesertim
805 984 953 1100 stipite
984 983 1208 1092 breviori,
1235 983 1397 1072 fronde
1426 987 1573 1073 minus
1603 982 1767 1091 disne,
1807 983 1981 1072 laciniis
2010 981 2114 1068 lati·

506 1131 659 1217 oribus
690 1127 901 1247 rachique
942 1117 1089 1242 planis
1115 1159 1261 1249 nequo
1306 1153 1394 1216 tam
1433 1127 1663 1216 evidenter
1697 1119 2116 1245 spinulosoeserra·

509 1274 596 1381 tis,
638 1296 688 1359 ut
713 1273 862 1389 itaque
889 1272 1068 1361 nomine
1099 1272 1186 1364 isto
1216 1272 1440 1389 appellare
1470 1294 1664 1359 nostram
1694 1298 1784 1354 non
1822 1266 1977 1373 liceat,
2008 1267 2104 1383 pri·

504 1442 692 1532 usquam
731 1397 1007 1501 fructiferam
1049 1410 1229 1502 differre
1269 1414 1490 1531 plantam,
1519 1433 1796 1531 compertum
1834 1411 1909 1513 sit,
1948 1409 2114 1507 Swart-

510 1557 659 1675 aiique
689 1553 903 1643 accedere
945 1552 1105 1642 verbis.

635 1700 700 1788 13.
760 1692 1276 1812 Hymenophyllnm
1333 1698 1728 1793 dichotomnm
1758 1697 2107 1795 (Ζᾶνα-Τὼ.

505 1843 625 1935 xlii.
661 1838 733 1955 fis·
749 1842 806 1949 rt·
1559 1934 1564 1951 ,

627 1984 683 2069 Η.
733 1981 966 2069 frondibus
1002 1980 1365 2099 subtripinnatis,
1404 1987 1552 2103 pinnis
1593 1983 1858 2078 dichotomis
1897 1983 2112 2101 pinnulis·

510 2158 598 2247 quc
626 2124 991 2234 decurrentibus,
1023 2128 1198 2213 laciniis
1228 2128 1470 2217 linearibus
1495 2126 1968 2243 codaleto-spinosis,
1999 2130 2111 2211 soris

507 2251 947 2386 supraaxillarihus,
990 2243 1113 2357 rachi
1159 2271 1275 2358 alata
1319 2272 1748 2386 crispato-spinosa.
1803 2268 1912 2359 Cau
1950 2265 2108 2371 Praei.

512 2416 637 2504 1801.
669 2445 713 2500 n.
742 2413 843 2508 688.
871 2410 1035 2503 Willd.
1062 2414 1134 2529 Sp.
1165 2412 1232 2503 Pl.
1257 2413 1311 2501 V.
1337 2444 1380 2529 p.
1408 2411 1513 2515 inlr.
1548 2412 1613 2496 16.

565 2524 586 2561 ⁶
619 2559 803 2644 Descr.
865 2555 1047 2643 Caudex
1099 2555 1410 2656 horizontalis‚
1464 2552 1657 2640 crassitie
1715 2577 1832 2641 setae
1872 2551 2101 2668 porsinae,

507 2692 731 2797 samnius,
761 2670 973 2813 fibrisque
1006 2696 1259 2785 divaricatis
1291 2696 1519 2804 redicens,
1547 2696 1718 2803 fuscus,
1759 2696 1914 2781 hirtus.
1969 2694 2109 2797 Frons

401 2914 405 2925 .
486 2872 533 2927 a
557 2837 731 2955 pollicis
748 2836 806 2921 ad
827 2839 962 2919 trium
977 2860 1237 2964 quatuorve
1248 2837 1463 2950 pollicum
1489 2834 1769 2944 altitudinem
1791 2836 1905 2933 elata
1921 2898 1936 2942 ,
1955 2859 2112 2922 ovato·

502 2977 812 3089 triangularis,
842 2970 1263 3086 subtripinnatifida.
1304 2976 1446 3091 Stipes
1483 2978 1667 3067 caudice
1706 2979 1892 3067 crassior
1931 2976 2113 3065 fronde·

275 3129 291 3152 ⁶
384 3102 394 3115 ’
483 3142 598 3238 'que
623 3146 750 3235 saepe
772 3118 964 3230 longior,
994 3116 1157 3220 fuscus,
1190 3115 1363 3205 inferne
1388 3118 1635 3228 wirundus,
1666 3152 1858 3237 superne
1880 3120 2110 3234 alamapis

393 3314 398 3325 ·
509 3266 736 3379 magisque
763 3258 1076 3375 conspicienda
1105 3245 1377 3349 sub'sronde
1415 3264 1866 3379 amarciem-dentata
1899 3264 2112 3381 utrinqne

383 3455 396 3475 =
509 3408 690 3515 cinctus.
732 3402 897 3491 Pinnae
925 3404 1144 3511 alternae,
1177 3428 1400 3520 patentes,
1432 3395 1620 3526 superne
1652 3409 1915 3523 regulariter
1930 3405 2114 3524 ,donges-

514 3574 657 3639 centes
670 3613 684 3655 ,
725 3548 896 3641 ambitu
927 3546 1257 3661 trapezoideaej,
1290 3547 1495 3657 obtusae,
1534 3549 1837 3667 pinnatifidae.
1898 3551 2113 3643 Laciniae

511 3694 744 3779 inferiores
769 3690 1018 3805 pinnarum·
1046 3684 1333 3795 inferiorum,
1369 3719 1456 3781 eae
1484 3699 1743 3809 praesertim
1759 3759 1772 3803 ,
1814 3727 1927 3815 qnae
1958 3694 2113 3794 racliin

511 3826 741 3949 spectant,¹
774 3833 860 3919 late
907 3828 1226 3936 cuneiformes,
1248 3830 1438 3921 trifidae
1468 3837 1540 3928 ‚vel
1570 3834 1875 3973 quadrifidap‚
1915 3837 2114 3955 reliquae

442 3991 451 4001 ’
513 3972 715 4079 trifidae,
762 3970 926 4059 bilidae
963 3971 1013 4057 'et
1047 3996 1267 4063 extremae
1305 3972 1484 4064 demum
1533 3977 1789 4093 simplicesr
1826 4000 1958 4095 atque
2002 3976 2111 4071 istae

514 4117 729 4251 quidem,
783 4138 831 4203 ut
876 4143 1028 4213 omnes
1071 4112 1317 4219 lacinulae,
1354 4115 1579 4233 lineares,
1604 4141 1865 4237 truncatae,
1914 4116 2113 4229 margine

473 4356 476 4365 ,
511 4265 706 4362 sinuatae
744 4280 788 4343 et
822 4256 951 4343 valde
1007 4252 1223 4341 undulato
1247 4304 1268 4370 .·
1294 4257 1534 4373 crispatae,
1578 4263 1810 4360 serraturis
1851 4263 1899 4351 in
1940 4260 2113 4372 angulis

454 4505 457 4517 Ι
512 4408 600 4493 suis
653 4432 780 4515 saepe
822 4398 1005 4511 geminis
1052 4394 1398 4511 spiniformihns.
1459 4400 1616 4489 Rachia
1657 4404 1752 4510 ala,
1801 4434 1826 4489 a
1859 4402 2007 4517 pinnis
2036 4388 2115 4489 de·

509 4571 712 4635 currente
742 4541 868 4636 valde
897 4544 1101 4657 crispata,
1148 4540 1353 4627 laciniata
1381 4563 1427 4627 et
1453 4541 1922 4657 spinuloso-dentata,
1955 4544 2111 4627 cincta.

511 4694 704 4777 Tentura
744 4660 1042 4773 lacinnlaru'm
1088 4713 1246 4797 parum
1266 4681 1486 4797 spissior,
1538 4715 1586 4771 ac
1618 4686 1664 4772 in
1694 4688 1944 4804 plerisque,
1975 4682 2110 4775 ,color

461 4840 463 4845 ’
509 4832 766 4919 luscescens.
804 4826 972 4916 Nervus
1003 4821 1151 4911 fuscus
1182 4823 1352 4939 apicem
1384 4825 1601 4917 lacinulac
1634 4860 1723 4917 non
1745 4830 1928 4943 atungit
1972 4826 2113 4944 Frnce

508 4997 575 5059 tus
611 4972 744 5059 deest.
