4692 6142
558 581 659 672 inus
752 661 756 669 .

553 833 665 905 modo
685 827 850 900 Traiecti
866 825 914 896 ad
931 823 1104 896 Rhenum
1120 830 1294 914 exceptus
1311 831 1402 895 este
1424 818 1483 889 Fr
1493 840 1556 890 em
1566 820 1632 889 e‘ri
1642 833 1689 910 o,·
1705 817 1923 891 Professum
1938 821 2157 891 clarissimo.

551 945 631 1039 'Per
658 959 1096 1058 Lugdunum'transiens,
1123 959 1177 1029 ita
1197 957 1269 1027 sibi
1294 952 1506 1027 conciliarit
1530 949 1907 1046 Brugman'sium,
1934 967 1977 1024 ut
2000 955 2059 1030 vir
2082 958 2157 1025 iste

556 1098 897 1196 praestantissimus,
910 1106 1102 1188 postquam
1116 1091 1156 1160 iu
1165 1112 1291 1161 museo
1302 1086 1451 1182 publico
1463 1107 1548 1157 eum
1565 1085 2155 1176 oirmmduxissetmoxostensie,

555 1249 633 1305 tum
679 1243 856 1326 apparatu
900 1233 1026 1299 rerum
1076 1225 1320 1312 naturalium,
1366 1243 1475 1315 quem
1512 1222 1588 1314 ipse
1619 1219 1855 1312 possidebat,
1893 1220 2152 1312 celeberrimo,

555 1381 633 1439 tum
653 1345 878 1436 bibliotheca
900 1358 1197 1454 exquisitissima,
1225 1368 1368 1444 nostro,
1395 1354 1428 1424 si
1453 1353 1671 1446 Lugduni
1691 1366 1871 1443 maneret,
1900 1354 2013 1448 dupio
2035 1356 2154 1424 maius

538 1499 777 1594 -stipeudium
804 1517 868 1586 eo,
912 1516 985 1589 quo
1010 1491 1229 1581 Groningae
1252 1486 1468 1575 fruebatur,
1504 1488 1661 1578 ingenue
1685 1484 1845 1556 offerret.
1898 1487 2088 1577 Quantum
2113 1489 2155 1556 in

556 1629 752 1703 discrimen
789 1629 968 1699 adductus
1001 1637 1056 1696 est
1081 1624 1224 1697 iuvenis
1237 1675 1249 1712 ,
1284 1620 1349 1690 tali
1370 1619 1616 1712 cognoscendi
1642 1632 1679 1691 et
1704 1620 1841 1721 sciendi
1866 1623 1988 1691 studio
2013 1621 2154 1691 inflam-

556 1765 692 1837 matus!
739 1763 976 1856 Duplicatum
1011 1757 1193 1847 reditum,
1233 1763 1354 1825 minus
1388 1754 1466 1848 eius
1491 1752 1691 1846 intererat3
1728 1755 1793 1824 sed
1819 1767 1958 1848 quauta
1977 1769 2059 1826 erat
2082 1753 2156 1825 dis·

556 1899 716 1971 ferentia
729 1897 828 1966 inter
848 1891 1095 1985 Lugdunense
1113 1911 1278 1960 museum
1294 1899 1333 1956 et
1355 1887 1627 1979 Groningense,
1646 1887 1744 1958 inter
1752 1887 2035 1981 Lugdunensem
2044 1914 2154 1984 appe·

564 2045 701 2123 ratum,
712 2042 749 2102 et
768 2053 867 2119 eum,
887 2049 993 2121 quem
1010 2023 1241 2097 Universitas
1257 2021 1465 2092 litterarum
1482 2019 1749 2112 Groniugensis
1761 2031 1841 2090 tum
1852 2023 2026 2116 temporis
2037 2021 2157 2092 habe·

558 2149 639 2237 bat!
654 2159 989 2254 interBrugmcnsii
999 2157 1260 2229 bibliothecam
1270 2167 1307 2225 et
1317 2177 1414 2243 eam,
1426 2175 1519 2247 quae
1529 2151 1743 2246 Grcniugae
1756 2167 1903 2249 praesto
1922 2154 2021 2225 erat!
2045 2180 2155 2248 quam

561 2295 719 2368 difficilis
754 2294 942 2366 contentio
982 2293 1080 2360 inter
1114 2289 1324 2360 litterarum
1358 2275 1523 2358 amorem
1557 2286 1743 2382 officiique
1768 2287 1940 2382 explendi
1971 2289 2151 2362 studium!

560 2430 633 2502 Sed
649 2427 761 2501 officii
780 2427 968 2524 persuasio
985 2426 1094 2496 vicit:
1120 2421 1243 2511 nimis,
1271 2420 1472 2513 respondit,
1490 2419 1677 2491 benefieiis
1694 2420 1889 2492 obstrictus
1906 2445 1986 2490 sum
2007 2421 2155 2494 Smin-

479 2583 484 2591 ·
558 2565 757 2652 cereno,
785 2561 888 2656 quin,
918 2559 1084 2630 donecin
1104 2554 1307 2626 Holiuudia
1319 2565 1613 2625 commoraturus
1626 2579 1728 2645 sum,
1747 2557 1844 2648 apud
1867 2579 1952 2626 eum
1974 2578 2149 2627 maneam.

528 2673 533 2682 ⁴
656 2697 717 2767 Sic
740 2697 845 2767 initio
875 2692 1101 2788 Septembris
1121 2691 1224 2785 quasi
1244 2710 1384 2761 novum
1407 2711 1541 2760 munus
1558 2689 1869 2760 Swindereno
1894 2710 2065 2763 reuersus
2085 2704 2151 2760 est.

557 2831 770 2900 Praemium
794 2826 995 2898 industriae
1018 2847 1105 2894 suae
1131 2824 1272 2916 accepit
1296 2844 1319 2891 a
1344 2821 1519 2894 facultate
1544 2822 1794 2915 Groningeusi
1818 2846 2009 2896 nummum
2027 2823 2151 2894 hono-

538 2963 702 3042 ‚riiicum
728 2974 766 3032 et
794 2987 816 3030 a
840 2957 1080 3039 Societate
1105 2956 1302 3052 physica
1326 2968 1365 3027 et
1389 2956 1598 3030 chemica
1621 2957 1774 3029 honoris
1793 2979 1900 3029 causa
1918 2959 2017 3032 inter
2035 2961 2150 3031 socios

559 3107 727 3192 receptus
752 3104 818 3166 est.
1639 3191 1644 3200 Α

658 3227 940 3317 Altero-auno,
974 3217 1083 3321 quem
1114 3225 1331 3318 Grcningae
1367 3225 1544 3319 degebat,
1582 3229 1628 3298 cl.
1656 3227 1978 3300 Driesseniu'm
2004 3231 2050 3304 de
2069 3232 2150 3303 che·

559 3368 633 3436 mia
670 3375 708 3434 et
741 3362 930 3450 botanice,
977 3361 1237 3431 Bakkarum
1274 3368 1312 3428 et
1344 3357 1644 3430 Uilkeusium
1683 3361 1731 3432 de
1764 3366 1946 3432 anatomia
1977 3388 2022 3434 ac
2055 3365 2152 3457 phy-

558 3497 711 3588 siologia
740 3507 777 3565 et
813 3495 1019 3588 plantarum
1054 3503 1093 3598 et
1126 3492 1340 3581 homiuum,
1380 3492 1737 3565 Swiudereuum
1768 3495 1817 3566 de
1854 3497 1975 3566 arium
2000 3497 2151 3568 historia

559 3627 718 3701 naturali
742 3627 895 3716 audivit,
923 3639 961 3698 et
985 3630 1024 3698 in
1038 3627 1124 3717 hoc,
1151 3648 1262 3720 quem
1288 3627 1444 3695 maxime
1469 3628 1617 3697 amabat
1640 3639 1858 3721 matureque
1883 3629 1956 3698 iam
1973 3628 2148 3718 coluerat,

561 3787 688 3858 campo
705 3741 706 3744 Ἴ
721 3785 831 3856 saepe
862 3783 936 3831 uon
962 3761 1109 3830 auditor
1132 3755 1277 3848 solum,
1319 3759 1384 3827 sed
1408 3759 1646 3829 consiliorum
1673 3774 1780 3830 autor
1805 3761 1915 3832 etiam
1940 3761 2055 3832 fuisse
2079 3759 2150 3835 fer-

557 3910 634 3982 tur,
661 3899 740 3990 ipso
753 3907 909 3966 testante
936 3892 1250 3964 Swinderenc.
1301 3891 1501 3963 Praeterea
1527 3916 1676 3987 operam
1698 3895 1800 3964 dedit
1823 3908 1901 3964 tum
1928 3896 2149 3988 plantarum,

557 4041 638 4098 tum
648 4025 858 4096 animalium
871 4027 1099 4116 exoticorum
1120 4025 1310 4113 historiae,
1331 4038 1410 4095 tum
1430 4029 1632 4096 anatomiae
1652 4042 1899 4119 comparatae,
1923 4030 2009 4097 dum
2027 4053 2152 4098 omues

559 4183 645 4233 aves
669 4163 857 4252 piscesque
882 4156 1070 4248 indigenas
1097 4156 1331 4228 membratim
1355 4157 1478 4229 divisit
1502 4169 1541 4228 et
1564 4158 1764 4252 diiigenter
1789 4161 2003 4254 descripsit,
2037 4161 2155 4252 pictas

559 4293 669 4361 etiam
696 4291 816 4390 avium
835 4291 988 4380 icones,
1016 4315 1039 4358 u
1063 4289 1178 4360 Buff
1183 4291 1292 4360 onio
1318 4276 1455 4379 edites',
1485 4291 1662 4362 definivit.
1683 4292 1718 4386 '‘)
1957 4282 1960 4289 ’

660 4407 767 4513 Quae
802 4424 840 4494 in
880 4421 1102 4494 dissecandis
1142 4424 1253 4496 uariis
1287 4421 1503 4493 animalium
1536 4427 1734 4517 generibus
1770 4447 1867 4494 uova
1902 4437 1939 4494 et
1974 4426 2153 4495 memoris

558 4559 667 4652 digna
705 4555 846 4631 invenit
859 4611 870 4646 ,
903 4555 995 4630 hae'c
1026 4567 1151 4650 postea
1187 4559 1225 4629 in
1254 4571 1357 4628 tomo
1394 4557 1554 4628 secundo
1590 4557 1973 4631 »Additamentorumc
2001 4561 2041 4627 in
2066 4582 2154 4627 me-

561 4691 661 4762 dium
687 4691 852 4785 protulit.
1428 4674 1432 4682 ⁴

566 4918 901 4934 Dum-«0

613 5010 643 5078 *)
671 5012 842 5070 Busionii
863 5027 891 5071 et
920 5015 1189 5072 Dccbentcuii
1209 5015 1359 5083 figurarum
1386 5015 1480 5072 etlam
1510 5012 1695 5067 toleraturum
1724 5011 1837 5067 nonnos
1854 5015 2044 5083 systematica.
2081 5009 2156 5064 Grc·

665 5109 767 5176 uirgae
786 5109 865 5170 1820.
1227 5111 1232 5118 ’
