4692 6142
218 1347 327 1478 Viri
351 1410 485 1503 magni,
513 1432 661 1501 magnas
687 1429 745 1479 res
770 1431 899 1500 magna
924 1407 1061 1500 ingenii
1087 1407 1124 1480 vi
1150 1407 1335 1502 animique
1360 1406 1579 1482 fortitudine
1603 1435 1810 1506 magnoque

215 1563 382 1614 successu
415 1563 483 1634 per
518 1541 662 1633 longam
700 1561 879 1609 annorum
913 1538 1047 1607 seriem
1083 1541 1263 1630 gerentis,
1304 1541 1418 1612 vitam
1455 1533 1667 1613 describere
1699 1545 1809 1631 velle,

216 1694 275 1744 res
311 1671 458 1764 quidem
495 1680 563 1762 per
596 1695 635 1740 se
670 1672 741 1738 iam
780 1669 938 1741 difficilis
974 1671 1158 1762 arduaque
1191 1673 1376 1742 videbitur
1410 1675 1565 1766 cuique,
1599 1677 1810 1767 pensitanti,

138 1871 140 1874 .
216 1817 390 1896 quantum
434 1816 583 1894 superet
619 1803 878 1906 magnitudinis
919 1801 997 1872 sive
1040 1802 1229 1884 homiuum
1274 1804 1352 1874 sive
1392 1825 1517 1873 rerum
1557 1779 1812 1898 factorumque

215 1935 385 2026 cogitatio
418 1945 455 2002 et
488 1955 578 2004 vero
620 1932 813 2002 admiratio
855 1956 1108 2026 quamcunque
1145 1936 1257 2026 ipsius
1296 1937 1592 2035 expressionem,
1637 1958 1811 2007 sermone

216 2065 399 2136 litterisve
426 2063 663 2151 reddendam,
691 2075 727 2132 ct
753 2087 859 2155 quam
887 2087 1017 2156 parum
1044 2067 1291 2156 respondeant
1316 2038 1537 2156 grandibus,
1565 2066 1674 2159 digno
1700 2069 1812 2138 modo

217 2195 373 2288 stiloque
412 2195 622 2282 laudandis,
657 2191 811 2263 inferius
845 2196 1016 2264 stantium
1053 2198 1288 2291 tenuiorique
1320 2196 1470 2268 modulo
1504 2222 1572 2268 suo
1607 2201 1810 2271 excelsiora

217 2328 430 2398 metentium
458 2341 606 2396 conatus
632 2327 851 2420 panegyrici.
903 2327 974 2396 Sed
1001 2329 1131 2403 crescit
1156 2330 1241 2400 talis
1265 2331 1385 2427 coepti
1411 2329 1628 2420 difficultas,
1658 2343 1696 2401 et
1718 2355 1810 2404 vero

217 2463 354 2530 accedit
379 2461 448 2553 ipsi
474 2461 571 2530 haud
598 2460 730 2530 iniusta
757 2462 879 2554 operis
906 2461 974 2528 acti
1004 2471 1041 2529 et
1065 2460 1265 2556 superflui,
1293 2462 1364 2529 nisi
1388 2463 1479 2554 adeo
1504 2462 1716 2550 temerarii,
1744 2485 1810 2530 ex-

118 2657 125 2670 ,
216 2596 407 2686 probratie
439 2607 541 2682 tum,
585 2617 696 2686 quum
729 2595 821 2679 viri,
862 2593 964 2662 cuius
998 2595 1095 2662 vitae
1131 2602 1391 2683 gestorumque
1426 2590 1698 2679 laudationem,
1739 2614 1809 2684 pro

217 2727 359 2796 viribus
384 2723 546 2808 scilicet,
575 2723 699 2792 moliri
727 2723 863 2812 velles,
899 2734 1000 2790 tanta
1027 2731 1186 2790 esset.et
1209 2731 1285 2789 tam
1310 2720 1383 2790 late
1409 2720 1540 2791 diffusa
1572 2723 1669 2792 inter
1694 2748 1808 2816 popu-

217 2855 272 2924 los
298 2853 441 2922 claritas
468 2864 506 2920 et
528 2853 743 2940 admiratio,
783 2865 824 2921 ut
850 2855 925 2924 vita
950 2853 1031 2921 talis
1057 2864 1230 2946 tanquam
1255 2853 1443 2944 publicum
1470 2853 1809 2948 hcidjssimumque

219 2957 397 3056 virtutum
424 2981 637 3076 gloriaeque
662 2983 850 3076 speculum
876 3006 966 3076 prae
993 3005 1213 3055 coaevorum
1250 2986 1490 3075 spectantium
1527 2968 1642 3054 oculis
1673 2985 1807 3076 luceat,

219 3125 256 3182 et
287 3114 344 3182 sui
385 3115 495 3206 ipsius
517 3114 762 3207 'panegyrici,
801 3115 907 3187 inviti
940 3116 1087 3208 quidem
1121 3115 1188 3185 sed
1213 3115 1458 3207 disertissimi,
1494 3127 1617 3210 partes
1653 3116 1809 3188 mirifice

219 3256 310 3336 agat.
342 3281 349 3286 ·
1481 3219 1495 3244 ⁸

320 3376 451 3446 'Palem
489 3398 580 3446 vero
618 3346 730 3446 fuisse
764 3378 896 3465 ritant,
946 3377 1057 3447 talem
1093 3378 1269 3450 virtutum
1309 3381 1601 3474 meritorumque
1638 3382 1806 3473 gloriam,

206 3529 286 3600 per
312 3531 455 3577 omnem
484 3510 610 3578 orbem
636 3509 811 3577 latissime
835 3508 1055 3600 fulgentem,
1091 3509 1201 3582 Viri
1225 3513 1465 3588 summi,et
1490 3512 1809 3582 desideratis-

218 3640 347 3727 simi,
383 3637 989 3737 PrincipisSerenissimi,
1031 3641 1188 3712 Caaom
1214 3640 1396 3713 Aususrs
1423 3661 1475 3712 aa
1499 3642 1805 3732 Haananaaac,

219 3769 306 3838 dum
339 3769 500 3860 viveret,
543 3768 661 3860 Regni
700 3769 888 3838 Borussici
927 3755 1327 3863 Archi-Cancellarii,
1380 3773 1558 3869 Regiique
1595 3774 1807 3864 Ministerii,

219 3903 402 3994 gerendae
443 3925 605 3971 summae
636 3903 692 3971 rei
726 3901 896 3995 publicae
928 3905 1150 3998 praepositi,
1195 3904 1397 3994 Praesidis,
1435 3904 1500 3975 rel.
1528 3906 1616 3997 rel,
1654 3886 1808 3977 Cuius

220 4037 373 4125 obitum,
402 4035 570 4104 omnibus
594 4035 701 4104 bonis
726 4036 888 4105 maxime
912 4035 1093 4125 debilem,
1123 4048 1161 4105 et
1185 4037 1472 4151 acerbissimam,
1501 4059 1610 4129 quam
1637 4037 1807 4128 Regnum

222 4165 455 4236 Borussicum
488 4169 672 4262 ipsiusque
705 4167 794 4238 Rex
827 4167 1176 4255 Aoeosnssmos,
1219 4190 1328 4261 quam
1362 4167 1504 4259 singula
1537 4191 1700 4262 quaeque
1738 4185 1811 4259 pa-

222 4297 313 4365 triae
339 4270 694 4393 civitas’singulique
729 4300 863 4372 civium
898 4300 1067 4387 ordines,
1106 4301 1215 4392 quam
1252 4297 1350 4366 salus
1383 4298 1549 4392 publica,
1588 4322 1694 4391 quam
1731 4301 1810 4389 ipsa

221 4427 439 4522 humanitas,
468 4457 575 4526 quam
603 4433 759 4527 denique
785 4420 1223 4524 respublica'litterarum
1249 4432 1457 4524 artiumque
1498 4428 1623 4499 lacere
1648 4432 1812 4522 potuerit

222 4559 418 4648 iacturam,
452 4578 577 4634 nostra
602 4535 747 4659 quoque
771 4562 969 4636 Academia
993 4562 1156 4633 Naturae
1185 4561 1454 4650 curiosorum,
1489 4583 1605 4653 eaque
1638 4562 1813 4652 praepri-

221 4692 304 4780 mis,
333 4657 495 4786 irirpense
521 4695 641 4788 luget,
680 4697 760 4790 quis
788 4708 864 4785 est,
892 4697 953 4789 qui
980 4689 1151 4787 ignoret?
1194 4689 1372 4762 Profecto
1397 4693 1428 4760 si
1454 4693 1534 4784 quis
1559 4689 1631 4759 fuit
1656 4701 1807 4758 nostrae

222 4822 349 4903 aetatis
376 4788 590 4914 optimatum
615 4827 819 4898 heroumv'e
845 4829 883 4896 in
909 4839 1014 4918 toga,
1047 4825 1149 4894 cuius
1175 4834 1360 4913 gestorum
1386 4824 1698 4921 tet-institutorum
1725 4845 1807 4891 me«

222 4956 341 5022 muria
368 4955 458 5022 adeo
484 4955 530 5023 ad
554 4955 761 5027 universam
795 4980 1098 5048 communemque
1132 4969 1320 5046 gratorum
1354 4955 1488 5024 civium
1523 4964 1811 5047 exterorumque

180 5064 188 5076 ⁸
224 5087 468 5177 cognitionem
496 5099 534 5156 et
559 5087 842 5160 celebrationem
867 5089 1092 5184 pervenerit,
1122 5099 1160 5157 et
1186 5088 1341 5181 proinde
1361 5086 1539 5156 fastorum
1560 5086 1809 5180 publicorum,
