4692 6142
523 543 596 629 m
1098 526 1171 601 ·.c
1222 525 1267 603 F.
1315 522 1519 610 Bnuuu,

524 736 583 833 da
611 732 810 833 medium
840 686 934 825 iere
954 719 1115 833 bifidi,
1148 720 1322 812 laciniis
1344 712 1632 809 filiformibus
1662 706 1923 834 aequalibus
1951 702 2126 889 inflexis

521 878 716 998 pallidis.
777 868 1054 989 Operculum
1087 889 1133 955 et
1162 863 1376 979 Calyptra
1406 858 1577 946 desunt.

640 1018 869 1107 Observ.
927 1008 1154 1101 Accedere
1186 1004 1364 1095 videtur
1392 998 1637 1087 Dicrano
1666 990 1896 1082 sinuoso
1926 985 2116 1079 Auberti
2203 1002 2215 1015 ’

517 1158 662 1288 (Brid.
688 1158 824 1251 Meth.
849 1188 894 1274 p.
920 1151 1029 1275 39„)
1052 1151 1137 1242 sed
1166 1148 1318 1237 differt
1345 1142 1546 1232 abunde.
1577 1134 1695 1228 foliis
1724 1133 1902 1224 serratis
1930 1132 2115 1223 minime

522 1306 724 1423 crispulis
754 1330 900 1422 neque
931 1326 1068 1386 nervo
1099 1287 1341 1385 colorato'
1328 1286 1577 1392 instructis,
1615 1278 1895 1400 pedunculis
1906 1273 1965 1365 ob
2004 1276 2121 1393 peri·

524 1450 694 1577 chaetia
714 1447 869 1537 crebra
895 1438 1207 1559 approximatis
1244 1430 1448 1555 quidem,
1478 1426 1668 1517 sednon
1688 1422 1945 1539 aggregatis,
1975 1450 2121 1538 neque

523 1592 760 1711 purpureis
805 1588 886 1703 iis,
913 1580 993 1673 sed
1017 1575 1186 1699 pallide
1210 1576 1459 1667 stramineis
1484 1570 1751 1693 capsulaque
1776 1566 1987 1687 foliisque
2012 1592 2121 1653 con·

523 1733 763 1823 coloribus.

643 1906 715 1963 ar.
775 1866 1231 1977 Trichostomum
1261 1884 1649 1985 exasperatum
1675 1854 1730 1953 N.
1757 1879 1803 1950 et
1828 1855 1897 1949 Bl.
1926 1850 2119 1959 -Tab

526 2017 627 2105 XV.
658 2011 731 2128 fig.
765 2046 804 2100 a.
836 2012 1065 2119 aaa‚b,
1098 2007 1314 2117 c,d,.e

643 2156 722 2253 Tr.
753 2179 911 2244 trunco
934 2180 1082 2245 erecto
1108 2146 1468 2241 innovationibus
1493 2174 1692 2253 ramoso,
1712 2096 1835 2233 loliis
1864 2140 2124 2233 lonceolatis

525 2299 783 2389 acuminatis
812 2297 974 2387 strictis
1003 2324 1142 2391 nervo
1172 2322 1318 2382 crasso
1343 2313 1634 2391 excurrente,
1675 2284 1943 2407 pedunculis
1973 2315 2126 2403 aggrev

443 2502 450 2509 -
521 2444 634 2558 gatis
664 2473 854 2559 superne
880 2440 1127 2529 incrassatis
1155 2436 1449 2558 capsulaeque
1476 2432 1701 2553 ellipticae
1729 2430 1826 2521 basi
1850 2430 2126 2549 exasperatis

670 2583 856 2671 Descr.
916 2580 1121 2671 Truncus
1167 2601 1367 2688 erectus,
1426 2579 1547 2697 risa
1573 2628 1595 2649 ·
1620 2610 1646 2667 2
1673 2577 1887 2684 uncialis,
1928 2577 2125 2692 primum
2252 2660 2261 2671 ι

524 2726 711 2841 simplex
736 2723 919 2813 demum
943 2723 1228 2813 innovatione
1255 2719 1372 2813 iufra
1397 2721 1572 2843 apicem
1604 2717 1797 2812 oriunda
1830 2717 2126 2821 continuatus,

482 2928 488 2937 ι
527 2868 713 2981 glaber,
757 2865 918 2954 fusco·
936 2864 1189 2977 brunneus,
1228 2889 1370 2957 aetate
1402 2864 1711 2978 rubiginosae,
1753 2859 1888 2951 densa
1924 2858 2126 2949 foliosm.
2193 2909 2197 2914 ,

499 3010 657 3110 ‚Folia
688 3010 861 3097 caulem
891 3007 1168 3123 obtegentia,
1206 3007 1409 3127 undique
1440 3006 1698 3115 imbricata,
1741 3002 1927 3095 humida
1955 3024 2130 3113 erecta,

416 3164 432 3195 ⁰
527 3150 723 3265 siccitate
756 3148 961 3265 adpressa
996 3170 1041 3235 et
1073 3145 1399 3255 subundulata,
1449 3149 1496 3235 in
1522 3172 1680 3239 trunco
1707 3149 1922 3268 primario
1947 3170 2133 3269 cupreo·

525 3292 672 3399 lusca,
706 3291 753 3377 in
784 3287 1143 3377 innovationibus
1174 3288 1493 3380 luteo-viridia
1510 3354 1524 3401 ‚
1562 3296 1758 3405 sericea,
1798 3280 1947 3381 omnia
1976 3324 2004 3381 e
2032 3291 2130 3381 basi

525 3436 769 3528 lanceolata
799 3433 928 3549 longe
959 3433 1232 3542 acuminata,
1268 3431 1349 3525 sed
1379 3432 1594 3525 inferiora
1623 3436 1776 3553 paullo
1807 3435 2055 3550 angustiora
2083 3455 2131 3523 et

531 3577 725 3695 longiori
765 3575 972 3664 acumine
1017 3575 1248 3691 praedita,
1298 3579 1530 3695 superiora
1566 3579 1727 3665 sensim
1773 3581 1973 3685 maiora,
2013 3606 2128 3697 quae

525 3744 767 3828 causaest,
800 3743 850 3809 ut
875 3718 1012 3806 caulis
1032 3748 1142 3837 apex
1163 3719 1213 3805 in
1238 3747 1410 3804 comam
1430 3715 1644 3807 loliorum
1665 3718 1923 3833 fastigiatam
1944 3742 2144 3828 tumeatg.

528 3895 718 3955 concava
742 3886 843 3953 sunt
871 3861 1005 3969 folia,
1039 3858 1162 3979 apice
1194 3858 1543 3970 subconvoluta,
1572 3862 1888 3976 integerrima,
1914 3886 1959 3951 et
1985 3893 2126 3951 nervo

525 4006 736 4093 latissimo
762 4008 931 4119 integro
962 4005 1079 4093 ultra
1104 4003 1281 4092 tertiam
1301 4005 1433 4092 totius
1453 4003 1551 4093 lolii
1573 4001 1854 4093 latitudinem
1882 3979 2125 4122 occupante

526 4147 766 4263 striatoque
794 4142 1020 4233 instructa.
1057 4142 1178 4231 lictis
1204 4144 1382 4235 areolae
1409 4148 1638 4257 minutae,
1671 4146 1973 4249 orbiculares,
1997 4147 2131 4237 seria·

526 4312 607 4376 tae.
675 4286 910 4381 Adultiora
948 4286 1059 4375 folia
1097 4288 1294 4401 margine
1334 4315 1466 4412 atque
1511 4316 1629 4381 costa
1671 4294 1717 4380 in
1775 4292 2128 4382 Conservam

528 4430 895 4519 Orthotriclri
909 4489 929 4532 ,
958 4428 1126 4550 ubique
1164 4431 1258 4524 fere
1284 4456 1609 4551 erumpentem,
1640 4432 1877 4530 luxuriant.
1909 4434 2128 4551 Foliape·
2265 4457 2276 4463 ·

530 4572 802 4661 richaetialia
812 4571 997 4661 caulinis
1017 4574 1271 4683 simillima,
1298 4598 1399 4664 ante
1426 4574 1626 4663 anthesin
1651 4576 1697 4663 in
1719 4574 1946 4695 cuspidem
1966 4606 2127 4675 convo-

530 4718 639 4818 luta,
664 4716 760 4833 pilo
780 4715 1040 4809 candicante
1062 4718 1306 4806 terminata.
1343 4712 1592 4808 Pedunculi
1608 4721 1861 4809 terminales
1885 4720 2125 4845 aggregati,

535 4892 593 4947 n·
611 4862 720 4988 9in
761 4860 1021 4951 fasciculum
1053 4860 1269 4970 conferti,
1300 4892 1377 4963 n·
1357 4859 1663 4971 -3lineares,
1708 4861 1891 4951 flexuosi
1928 4884 1972 4949 et
2001 4862 2123 4967 torti,

536 5001 737 5121 undique
769 4986 1012 5093 tuberculis
1052 5007 1216 5119 acutis,
1259 5004 1307 5096 in
1338 5002 1495 5125 apice,
1538 5004 1619 5095 sub
1650 5001 1828 5124 capsula
1865 5006 2121 5120 incrassato,
2229 5028 2232 5033 ·

2343 3087 2346 3222 l
