4692 6142
506 576 562 675 36
801 584 1122 687 ’Μικωιιιιῑῃ
1148 586 1283 667 Peme
1308 610 1363 667 zo
1386 588 1783 701 wan-Neomare,

502 788 587 887 tis,
631 814 714 873 nec
739 786 862 901 apice
893 786 1072 901 integris
1103 783 1360 903 productis;
1388 787 1649 905 stipularum
1677 781 1887 873 dentibus
1907 788 2106 893 semesis,

505 961 586 1015 nec
615 929 1132 1036 subulato-lanoeolatis,
1173 930 1446 1042 minoribus3
1485 930 1669 1021 floribus
1700 928 1847 1043 potius
1880 930 1925 1013 in
1960 936 2111 1042 cymae

505 1074 712 1191 capitatas
742 1075 1011 1183 terminales,
1042 1104 1175 1191 quam
1203 1080 1248 1159 in
1274 1075 1475 1161 axillares
1503 1097 1553 1161 et
1576 1073 1776 1160 laterales
1803 1067 2023 1185 dispositis
2049 1073 2113 1156 in·
2225 1104 2233 1113 ·

475 1216 651 1341 deque
680 1217 923 1304 racemulos
956 1215 1332 1329 constituentibus.
1392 1248 1421 1303 a
1443 1217 1649 1305 Martius.

908 1458 1238 1555 Boebmeria
1273 1452 1473 1573 repens
1497 1454 1551 1545 Ν.
1577 1478 1622 1544 et
1646 1454 1706 1547 M.

576 1649 672 1741 ·.B
703 1648 893 1755 hirsuta,
947 1648 1071 1745 caule
1105 1666 1286 1761 repente
1318 1672 1518 1749 ramoso,
1561 1640 1681 1727 soliis
1722 1641 1934 1757 oppositis
1982 1640 2108 1755 ellip-

429 1792 432 1801 ⁴
506 1793 602 1882 ticis
632 1792 809 1878 serratis
840 1791 972 1875 basi
961 1792 1256 1903 rntegerrimis
1284 1778 1532 1890 trinerviis,
1584 1782 1899 1897 cymisbifidis
1948 1784 2111 1897 gloma-

444 2016 454 2031 ,
509 1934 612 2017 ratis
641 1930 894 2016 axillatibus
922 1931 1050 2042 longe
1083 1928 1406 2045 pedunculatis.

513 2148 518 2157 .
630 2069 760 2155 Adn.
791 2069 1028 2155 Fructibus
1059 2070 1289 2183 perspicue
1326 2069 1603 2182 marginatis,
1643 2102 1734 2155 uno
1776 2093 1943 2158 tantum
1975 2071 2108 2155 latere

511 2215 734 2301 bracteola
766 2238 971 2326 angusta,
1022 2212 1093 2296 cui
1125 2212 1349 2297 interdum
1380 2212 1516 2298 altera
1544 2213 1723 2299 brevior
1753 2211 1810 2298 ad
1839 2214 1950 2297 latus
1986 2211 2111 2307 addi·

511 2381 609 2462 tur,
642 2354 787 2459 sultis,
826 2355 1009 2493 planta
1007 2352 1112 2440 haec
1153 2352 1426 2441 Boehmeriis
1458 2352 1725 2465 adiungitur.
1787 2352 1906 2439 Inter
1935 2354 2110 2443 Urticas

510 2500 699 2589 maxime
730 2496 787 2585 U.
820 2520 1103 2615 repentem
1148 2497 1233 2587 Str.
1265 2518 1450 2613 aequat,
1523 2526 1666 2613 aqua
1696 2520 1843 2583 tamen
1870 2496 2050 2582 caulis
2037 2526 2106 2584 ra·

511 2670 658 2729 mosus
688 2662 732 2725 et
760 2636 1003 2755 pedunculi
1034 2637 1155 2749 longi
1187 2639 1287 2721 satis
1320 2667 1415 2723 eam
1449 2636 1736 2751 distinguunt.

631 2780 812 2865 Descr.
846 2777 925 2863 Est
944 2768 1185 2883 herbacea,
1202 2778 1481 2893 spithamaea.
1541 2782 1671 2867 Folia
1690 2783 1868 2890 tenuia,
1901 2781 2106 2897 oblongo-

512 2948 668 3031 ovata,
725 2923 934 3038 utrinque
967 2923 1190 3037 paulisper
1232 2946 1479 3027 attenuata,
1530 2923 1710 3033 obtusa,
1731 2947 1906 3030 tamen,
1955 2907 2107 3010 obtuse

513 3091 704 3170 serrata,
763 3066 997 3179 conspicue
1028 3067 1253 3151 trinervia.
1315 3066 1508 3179 Stipulae
1552 3096 1760 3179 magnae,
1829 3064 2107 3172 rotundatas,

515 3217 768 3329 oppositae,
824 3209 1114 3321 persistentes.
1191 3207 1502 3291 Flosculorum
1540 3209 1817 3292 minutorum
1870 3207 2104 3319 glomeruli

516 3356 562 3439 in
596 3351 791 3466 cymulas
824 3350 1442 3467 disponunturinaequaliter
1473 3348 1700 3462 bipertitas
1723 3348 1851 3460 longe
1882 3348 2133 3461 peduncu-

515 3502 648 3613 tatas3
697 3494 902 3581 oriuntur
933 3495 1038 3579 istae
1071 3494 1117 3576 in
1149 3492 1290 3577 axillis
1321 3492 1560 3593 foliorum,
1605 3491 1884 3607 adquorum
1923 3480 2113 3604 longituss

456 3712 461 3723 .
516 3642 669 3727 dinem
716 3659 957 3749 assurgunt.
1031 3640 1069 3715 θ’
1102 3636 1238 3720 calice
1280 3635 1373 3720 basi
1403 3636 1677 3736 ventricoso,
1734 3630 1941 3722 dentibus
2001 3663 2109 3749 qua·

389 3756 395 3764 Ι
483 3806 617 3885 ‚tuor
649 3778 838 3890 angustis
879 3773 1121 3861 linearibus
1152 3776 1394 3879 instructo,
1451 3774 1602 3860 medio
1647 3806 1670 3861 e
1720 3776 1899 3861 cumulo
1947 3774 2109 3862 ssorom

515 3899 812 4007 femineorum
844 3917 1054 4028 erigitur,
1104 3915 1360 4030 pedunculo
1388 3915 1516 4004 brevi
1554 3947 1697 4003 crasso
1732 3917 1921 4008 innixus.
1956 3914 2108 4001 Floras

487 4058 702 4151 ,masculi
719 4057 828 4177 'bini
858 4058 1026 4144 ternive
1057 4060 1293 4145 sociantur.

634 4196 850 4309 rad-viam
880 4197 1292 4291 Felisbertiam.

983 4480 1598 4599 ·Tricoccae

929 4756 1207 4874 Acalyplra
1237 4762 1501 4876 pruriens
1529 4764 1583 4855 N.
1615 4788 1661 4853 et
1687 4765 1748 4854 M.

624 4916 689 5002 ·A.
729 4914 846 5033 spica
891 4913 1085 4997 mascula
1130 4914 1354 4998 terminali
1392 4915 1613 5025 solitaria,
1678 4913 1863 5003 floribus
1907 4910 2108 4997 femineis

520 5054 772 5175 stillantibus
802 5050 1135 5171 pedunculatis‚
1178 5053 1421 5143 involucris
1449 5052 1959 5147 billorisorbicularibos
1976 5052 2106 5138 undia
