4692 6142
578 585 683 652 xxvr

576 814 724 909 lsngam
758 801 931 888 visendae
964 795 1186 882 'Academiae
1218 819 1329 878 cansa
1354 801 1523 899 veniret,
1552 801 1815 878 Professornm
1850 814 1958 878 coetu
1975 790 2153 885 'hunos-

576 953 671 1024 sime
689 959 790 1020 ‘cum
824 941 1038 1018 affabilitate
1069 952 1108 1016 et
1134 941 1349 1014 urbanitate
1372 939 1661 1036 suaviloqueqne
1683 937 1878 1031 dulcedine
1903 962 1988 1012 usus
2012 953 2085 1033 est,
2113 949 2153 1022 ita
2261 936 2262 1017 l

575 1095 620 1156 ut
643 1081 783 1156 animos
809 1081 976 1177 ipsorum
1002 1077 1099 1186 mira
1122 1077 1161 1154 vi
1186 1075 1285 1150 Sibi
1308 1075 1572 1170 obstringeret,
1593 1085 1634 1148 et
1656 1075 1907 1150 venerationis
1932 1096 2075 1173 semper
2092 1081 2157 1174 ple

576 1217 701 1292 niores
738 1199 978 1309 relinqueret.
1004 1209 1121 1284 ottus
1144 1210 1296 1306 quidem
1321 1212 1486 1288 omnium
1509 1210 1587 1284 illic
1611 1210 1821 1284 docentium
1856 1212 2058 1284 communis
2085 1236 2157 1308 erga

576 1350 733 1446 Ipsum
757 1348 903 1444 pietatis
928 1347 1204 1442 gratiarumque
1227 1343 1481 1418 habendarum
1510 1343 1624 1418 studii
1648 1367 1710 1420 me
1735 1367 1884 1442 quoque
1907 1355 2039 1418 testem
2069 1369 2157 1418 com·

575 1494 776 1579 potensque
816 1505 895 1555 esse
931 1479 1048 1572 licuit,
1076 1480 1166 1552 dnm
1191 1481 1260 1552 sub
1286 1479 1512 1552 Eiusdem
1538 1479 1711 1551 Fautoris
1746 1478 1917 1573 auspiciis
1942 1479 1982 1549 in
2008 1477 2156 1550 Univer-

575 1620 681 1691 sitcte
722 1617 965 1711 Erlnngensi,
1004 1636 1110 1686 ceros
1135 1623 1289 1709 penates
1311 1611 1405 1685 mihi
1425 1613 1642 1706 praebente,
1670 1623 1709 1683 et
1726 1635 1824 1683 nnnc
1842 1633 1990 1710 quoque
2009 1607 2157 1682 subdu-

577 1752 832 1846 gustiscimi
861 1749 1088 1825 Baverice
1114 1747 1260 1840 Regis
1284 1747 1546 1841 benignissimo
1579 1748 1758 1843 regimine
1794 1747 1994 1819 laetissime
2022 1745 2155 1840 virente,

578 1887 744 1960 docentis
766 1886 907 1981 publici
928 1883 1108 1976 fungerer
1133 1905 1299 1956 munere.

676 2021 730 2091 Ut
754 2021 794 2090 in
818 2041 960 2090 summa
985 2017 1118 2107 dicam,
1146 2017 1239 2088 baec
1264 2026 1392 2089 mutua
1417 2027 1454 2086 et
1478 2020 1582 2112 quasi
1607 2025 1821 2088 concertans
1841 2015 2004 2112 pietatis,
2022 2015 2154 2105 amoris,

577 2125 861 2248 officiorumque
893 2150 1190 2246 accipiendorum
1223 2160 1262 2222 et
1293 2149 1569 2222 reddendorum
1603 2161 1778 2245 tanquam
1809 2147 1925 2245 petris
1961 2171 2048 2244 erga
2077 2147 2155 2234 filios

577 2301 616 2361 et
639 2288 803 2389 tiliorum
828 2308 917 2380 erge
941 2295 1084 2380 patrem
1111 2285 1321 2358 observatio
1346 2281 1483 2373 effecit,
1510 2294 1552 2353 ut
1583 2304 1658 2353 non
1682 2282 1804 2357 solum
1838 2283 2061 2357 Provinciae
2084 2280 2155 2350 illae

576 2413 962 2514 Hardenbergic,
991 2441 1100 2512 quem
1129 2418 1266 2488 Suum
1294 2417 1418 2488 dicere
1442 2415 1666 2508 gestiebant,
1694 2418 1911 2489 sincerrima
1936 2414 2157 2492 veneratione

575 2558 772 2654 studioque
799 2543 1048 2627 amantissimo
1073 2523 1333 2641 adhaererent,
1361 2551 1573 2645 animosque
1599 2550 1684 2647 Ipso
1709 2553 2007 2624 obstrictissimos
2035 2571 2158 2646 quaqua

575 2693 663 2766 date
704 2691 976 2788 opportunitate
1018 2701 1095 2760 tam
1135 2708 1204 2781 per
1240 2686 1336 2758 illud
1384 2698 1553 2782 tempus,
1617 2709 1727 2782 quam
1774 2685 1884 2782 longe
1925 2688 2038 2758 etiem
2070 2694 2157 2780 post,

578 2846 691 2921 quum
716 2821 835 2918 Ipse,
862 2847 886 2892 e
909 2821 1026 2892 Rene
1055 2830 1220 2908 vocatus,
1246 2822 1357 2891 beate
1384 2819 1610 2892 Franconiee
1635 2839 1728 2890 ervo
1753 2822 1981 2916 reliquisset,
2017 2818 2073 2892 Ei
2095 2818 2158 2910 sig·

551 2959 728 3031 “nificare
768 2978 877 3052 posse
908 2956 1136 3049 gauderent,
1180 2954 1245 3023 sed
1275 2965 1319 3024 ut
1357 2953 1758 3050 Herdenbergius
1791 2980 1939 3052 quoque
1975 2955 2103 3049 insigni
2130 2961 2159 3021 et

576 3089 768 3166 indelebili
806 3099 977 3160 manente
1009 3087 1141 3156 harum
1176 3097 1365 3158 terrarum
1401 3109 1584 3184 curaeque
1620 3102 1813 3184 paternae,
1840 3089 1913 3160 illis
1940 3087 2157 3174 tribuendae,

576 3223 701 3300 studio
726 3235 765 3296 et
789 3245 920 3296 amore
944 3231 1148 3310 teneretur,
1174 3232 1216 3312 et
1239 3232 1386 3315 tempus
1411 3221 1526 3313 illud,
1552 3243 1622 3316 per
1648 3223 1746 3317 quod
1773 3221 1983 3298 Provinciis
2007 3198 2161 3298 Franco-

578 3363 670 3434 nicis
702 3360 741 3430 in
767 3357 897 3430 mediis
922 3357 1084 3453 ipsarum
1113 3356 1255 3431 civibus
1280 3366 1482 3451 praeesset,
1511 3356 1608 3430 vitoe
1631 3355 1922 3451 pulcherrimum
1947 3375 2160 3452 nuncupent,

578 3493 713 3570 seriori
738 3491 859 3564 adhoc
884 3501 1004 3561 aetate
1027 3489 1234 3584 gratissima
1260 3491 1339 3564 eius
1363 3489 1625 3563 recordatione
1647 3500 1873 3585 pasceretur.
1984 3587 1987 3593 Ι

672 3627 805 3722 Neque
831 3647 921 3698 vero
946 3626 1026 3696 sole
1050 3625 1237 3696 dictorum
1261 3625 1542 3721 Principatuum
1568 3625 1897 3720 gubernandorum
1924 3619 2159 3722 negotiare

577 3763 850 3836 ministrum,
866 3759 1135 3831 illustrissi
1153 3783 1268 3833 mum
1293 3771 1575 3856 occupaverunt.
1614 3760 1718 3852 Quin
1732 3761 1922 3857 potiushis
1947 3761 2037 3857 ipsis
2060 3755 2162 3854 gratia

577 3899 719 3986 Recta,
747 3895 861 3968 Eum
888 3897 1006 3966 indies
1031 3893 1183 3964 maioris
1208 3891 1391 3985 facientis,
1412 3916 1667 3990 summamque
1678 3895 1980 3968 Eiusfiduciem
1998 3887 2167 3975 habentis,

576 4031 717 4104 eddidit
752 4029 925 4124 deinceps
949 4029 1039 4116 clia,
1076 4050 1194 4124 eaque
1225 4029 1325 4100 bend
1351 4030 1472 4101 minus
1495 4029 1623 4124 grevia
1648 4052 1690 4102 ac
1715 4012 1913 4104 laboriose.
1964 4029 2052 4104 Non
2077 4025 2164 4099 enim

575 4163 694 4237 solum
720 4164 842 4235 locum
874 4161 984 4257 Ipse
1010 4161 1051 4231 in·
1074 4162 1255 4234 interiore
1286 4162 1414 4233 Recta
1448 4185 1533 4236 cum
1560 4161 1740 4236 Ministris
1778 4165 1931 4238 csisilio
1965 4158 2160 4260 capessivit,

575 4299 773 4390 meritique
813 4293 1032 4389 insigniendi
1074 4317 1185 4366 causa
1213 4283 1324 4366 simul
1361 4295 1500 4368 ordinis
1532 4297 1677 4394 aquilae
1714 4263 1850 4370 rubrae
1884 4299 2027 4394 primae
2052 4289 2162 4368 elassis

576 4439 791 4506 ornamenta
820 4452 844 4500 a
876 4413 991 4520 liner
1026 4428 1189 4524 accepit,
1225 4397 1292 4500 sed
1323 4451 1437 4526 quum
1469 4431 1563 4530 Rex
1596 4431 1736 4504 bellum
1770 4443 1900 4504 contra
1935 4431 2068 4504 Gallos
2102 4421 2161 4496 sub

573 4567 685 4641 finem
701 4566 789 4638 anni
809 4583 903 4661 ¹79⁹
921 4573 1083 4660 pararet,
1095 4560 1383 4636 Frnnociuvtutn
1409 4566 1456 4635 cd
1481 4563 1674 4660 Moenum,
1692 4565 1758 4638 ubi
1775 4556 2164 4664 castrorumprinoipit

573 4715 652 4774 tum
686 4699 871 4777 collocata·
902 4709 1028 4790 erant,
1067 4709 1220 4774 vocatus
1250 4708 1327 4792 est,
1368 4707 1408 4770 nt
1433 4697 1488 4771 ibi
1520 4697 1628 4770 Rncr
1660 4700 1701 4771 in
1725 4699 1931 4794 dirigendis
1953 4699 2087 4785 rebus,
2123 4685 2165 4758 ud

574 4835 794 4932 stipendium
823 4833 1119 4931 praeparandum
1154 4833 1391 4928 necessariis,
1429 4856 1498 4904 nec
1529 4833 1668 4904 neuin
1693 4835 1926 4928 negotiorum
1951 4831 2162 4906 bellicorum

575 4982 681 5065 parte
706 4969 854 5064 politica
879 4963 1186 5056 administranda,
1203 4966 1250 5037 ad
1277 4970 1406 5038 menne
1426 4979 1535 5055 essct,
1562 4985 1720 5064 eumque
1744 4969 1785 5038 in
1809 4967 1921 5042 finem
1950 4961 2165 5042 commis·

549 5082 554 5092 '⁵
572 5107 693 5177 serii
720 5102 856 5195 Regii
882 5101 920 5172 in
945 5099 1055 5174 rebus
1082 5097 1241 5194 politicis
1267 5123 1422 5174 munere
1450 5103 1616 5196 vestitus,
1643 5105 1934 5199 permaximam
1961 5099 2048 5174 enni
2076 5085 2164 5188 1795
