4692 6142
503 554 691 635 Recensio
727 559 916 656 Generum
942 549 1138 647 &tutae
1171 564 1206 621 et
1239 552 1492 645 Synetetttee.
1718 570 1793 644 21⁵

200 760 452 851 subulatum
477 760 616 846 dilute
638 781 915 872 purpureum
935 772 1182 857 curvatum,
1217 751 1342 839 theca
1363 752 1513 867 paullo
1534 754 1723 844 brevius.
1738 811 1799 829 -

200 906 319 993 Haec
353 906 520 1020 species
561 932 650 987 non
693 899 777 983 nisi
808 912 966 981 aestate
998 887 1125 974 valde
1156 890 1358 1005 pluviosa
1384 894 1580 1013 capsulas
1608 919 1797 984 maturas

199 1038 396 1166 profert,
437 1049 482 1134 iu
521 1068 667 1131 nostra
706 1026 862 1125 saltem
889 1034 1096 1146 regione3
1134 1034 1272 1119 semel
1304 1058 1474 1121 tautum
1498 1035 1799 1151 pulcherrime
1929 1085 1946 1113 0

200 1191 542 1281 fructificantem
569 1188 750 1301 stirpem
777 1180 912 1269 densa
940 1176 1258 1287 tu'ol‘e‘inveni5
1302 1166 1419 1265 lieet
1437 1181 1673 1301 quotannis
1702 1183 1800 1267 loco

200 1339 335 1424 natali
372 1366 468 1423 eam
510 1329 760 1417 salutarem.
792 1376 851 1391 -
882 1318 1452 1433 Schwaegrichenius
1498 1322 1681 1435 stirpem
1728 1310 1804 1411 au-

200 1510 333 1569 uuam
363 1478 627 1578 declaravit,
674 1471 752 1557 sed
780 1504 831 1557 ex
863 1463 1248 1569 innovationibus,
1290 1494 1402 1583 quae
1431 1465 1568 1553 caulis
1600 1461 1801 1553 dichoto-

197 1620 332 1705 miam
359 1613 588 1719 efficiunt,
626 1642 869 1725 perennem
889 1640 993 1732 ⁴eam
1024 1605 1285 1694 iudicarem.

315 1739 413 1843 Cel.
439 1754 673 1844 Hoolter
704 1755 733 1838 l.
768 1783 804 1842 c.
836 1750 892 1839 de
926 1751 1004 1836 ltac
1034 1754 1180 1866 specie
1205 1755 1437 1871 sequentia
1465 1752 1617 1841 habet:
1669 1753 1802 1839 »Tltt's

201 1907 263 1984 »is
303 1902 364 2010 by
399 1926 455 1983 no
493 1925 645 1982 means·
680 1926 741 1980 mr
770 1918 1028 1981 uneommon
1056 1902 1241 2009 species,
1278 1896 1532 2015 resembling
1560 1904 1606 1982 in
1636 1903 1691 1983 its
1716 1927 1801 2011 pe·
1838 1944 1844 1954 ·

204 2041 542 2131 »ricltaetial
569 2041 754 2132 leaves
782 2036 907 2125 Tort.
937 2040 1225 2145 revolutam
1264 2036 1337 2156 (in
1367 2036 1801 2154 descriptionefolia

197 2184 529 2303 periebaetialia
566 2184 829 2300 vaginantia·
855 2204 1016 2267 acuta
1056 2160 1196 2297 dixit)
1236 2182 1312 2265 but
1353 2178 1423 2265 tlte
1463 2182 1633 2267 cutiliae
1664 2178 1804 2267 leaves

205 2360 312 2427 »are¹
334 2326 498 2439 totally
520 2325 744 2441 dffittent,
776 2325 938 2441 having
962 2322 1070 2407 tltet'r
1099 2328 1340 2438 margins
1366 2324 1512 2408 rather
1543 2321 1805 2409 incurvati

203 2470 333 2555 »titan
356 2466 627 2573 revolutam·
657 2464 1114 2578 thenerveispale‚
1137 2465 1207 2552 tlte
1227 2481 1354 2549 seems
1372 2496 1447 2550 are
1467 2465 1631 2551 small
1648 2464 1804 2551 muclt
1912 2561 1923 2582 ‚

202 2606 506 2697 »branche'd
529 2607 662 2692 witlr
687 2607 1074 2694 innovatione«
1097 2630 1180 2693 etc.
1229 2605 1348 2703 Haec
1369 2637 1476 2693 vero
1504 2632 1684 2693 naturae
1713 2637 1804 2695 om-

198 2755 305 2840 nino
343 2784 431 2839 nou
478 2780 672 2864 congrua
710 2749 912 2835 invenio:
962 2749 1069 2834 folia
1105 2749 1462 2864 perichaetialia,
1514 2752 1638 2871 quod
1671 2779 1803 2865 supra
1861 2839 1865 2847 ,

199 2894 420 2980 monitum
451 2916 543 2996 est,
596 2914 714 2977 arcte
747 2891 865 2978 circa
905 2902 1042 2980 setain
1075 2890 1312 2981 convoluta
1344 2894 1597 3009 cylindrum
1625 2894 1695 2982 vel
1719 2925 1801 2979 va·

201 3036 397 3153 ginnlam
430 3034 558 3153 quasi
597 3056 846 3121 truncatam
879 3031 1108 3147 efficiunt3
1162 3043 1207 3127 in
1243 3038 1292 3126 Β.
1330 3038 1584 3127 revoluta
1617 3036 1802 3159 quidem

200 3178 360 3265 folium
394 3177 706 3295 periohaetiale
743 3177 951 3264 intimum
973 3159 1128 3282 ⁴setalm
1160 3161 1254 3270 laxe
1289 3184 1488 3298 vaginat,
1524 3183 1629 3271 inde
1656 3206 1802 3269 antem
1883 3270 1885 3277 ,

201 3325 329 3438 longe
367 3322 667 3410 acuminatum
702 3352 726 3408 a
761 3347 851 3411 seta
877 3313 1048 3433 distat,
1095 3350 1146 3413 ut
1173 3326 1278 3413 solis
1319 3326 1437 3414 hisce
1468 3328 1625 3442 stirpes
1656 3326 1802 3443 primo

199 3466 363 3553 intuitu
396 3464 752 3580 distinguentem
798 3465 906 3554 folia
938 3469 1113 3554 caulina
1149 3467 1399 3582 margine
1433 3459 1723 3555 inctirvatti
1755 3468 1802 3555 in

86 3628 92 3635 '
197 3610 309 3693 vivis
356 3640 587 3729 uunquam
641 3610 894 3715 observavi,
945 3616 1178 3729 superiora
1220 3612 1406 3731 quidem
1446 3601 1798 3717 concaviuscuta
1843 3601 1846 3608 ⁵

197 3749 276 3836 sed
303 3780 392 3840 non
418 3752 505 3835 nisl
536 3753 825 3838 exsiccatione
848 3735 1424 3867 marginibusconuiventia
1440 3788 1461 3864 3.
1486 3784 1664 3853 nervus,
1696 3752 1805 3843 solia

198 3922 402 4041 suprema
442 3895 764 4011 si.exoeperis,
820 3896 976 4015 utique
1016 3904 1324 4015 purpurascit,
1370 3899 1604 4017 caulesque
1637 3899 1805 3986 etiamsi
1844 3936 1851 3945 ·

201 4032 333 4122 dense
372 4036 614 4152 implexps',
657 4062 802 4124 tamen
839 4038 911 4123 vix
944 4072 1137 4138 ramosos
1176 4040 1395 4151 vidimus,
1445 4039 1525 4127 sed
1565 4038 1808 4126 innovatio·

201 4179 332 4265 nibus
361 4178 510 4267 modo.
534 4182 794 4293 elongatos5
841 4180 1132 4269 dichotomos.
1193 4180 1520 4277 Hinaeitat'am
1556 4176 1805 4267 Hoolteri

202 4318 389 4437 liguram
413 4349 505 4407 'non
535 4320 665 4437 plane
693 4346 858 4408 rectam
883 4322 1171 4420 indicamus„

252 4544 364 4631 ·23.·
394 4542 597 4627 Bansnna
628 4546 827 4631 revoluta
858 4544 1073 4655 Bridel.
1095 4544 1278 4629 -Tats
1313 4543 1528 4630 XXXllI.
1556 4540 1628 4655 fig.
1662 4544 1730 4629 23.

270 4774 276 4788 ·
320 4736 369 4823 B.
417 4732 541 4821 caule
584 4736 704 4818 tenui
748 4735 916 4840 diviso,
972 4738 1091 4825 loliis
1134 4734 1365 4846 oblongo·
1387 4730 1639 4818 lanceolatis
1681 4730 1807 4815 obtu-

204 4880 407 4969 siuscnlis
437 4876 647 4963 carinatis
669 4883 826 4961 erectis
857 4882 1052 4994 margine
1076 4874 1315 4977 revolutis,
1350 4872 1474 4959 theca
1499 4868 1686 4985 oblonga
1709 4903 1806 4959 cur·

203 5052 318 5132 vata,
351 5024 564 5145 operculo
603 5019 822 5106 subulato.
