4692 6142
587 605 686 664 11le

472 815 480 828 ·
590 793 657 860 Dr.
687 789 728 859 F.
760 791 826 860 ch.
856 787 1138 876 Roacnthal,
1171 799 1266 858 anat.
1293 790 1332 858 in
1361 743 1462 858 uuir.
1489 787 1557 858 litt
1585 787 1796 881 Gryphiaw.
1821 789 1926 859 Prot.

588 925 657 994 Dr.
682 923 731 996 V.
754 925 789 992 S.
818 923 1011 1012 Berser,
1041 923 1141 992 Zool.
1171 934 1207 990 et
1236 923 1313 992 bot.
1341 924 1380 990 in
1408 943 1527 1014 gymn.
1559 919 1767 1014 Volhynico
1804 921 1907 992 Prof.
1956 981 1959 984 ,

589 1185 783 1254 Pracsea
827 1182 1043 1254 Academiae
1091 1183 1125 1251 d.
1171 1180 1250 1251 XX
1300 1181 1389 1274 Apr.
1437 1179 1754 1250 MDcccxxm
1794 1182 1891 1253 dono
1931 1183 2033 1253 dedit
2073 1210 2186 1256 num-

741 1343 841 1388 mum
875 1341 922 1386 ex
957 1327 1130 1408 argento,
1167 1338 1277 1409 quem
1318 1311 1542 1402 Looeius,
1584 1312 1863 1402 Berolinenaia,
1900 1315 1940 1384 iu
1969 1319 2185 1390 memoriam

740 1453 837 1519 beati
861 1472 957 1518 nunc
979 1449 1173 1541 Principis,
1193 1438 1360 1517 Caroli
1384 1447 1438 1514 ab
1463 1443 1795 1538 Hardenberg,
1823 1447 2037 1541 Supremi
2063 1475 2185 1544 quon-

735 1584 819 1652 dam
857 1581 1001 1674 Regni
1036 1580 1285 1651 Boruaaici
1326 1577 1629 1666 cancellarii,
1682 1577 1957 1649 Academiae
2006 1581 2183 1654 Prote·

735 1715 884 1782 ctoria
909 1712 1226 1806 Amplissimi,
1257 1711 1515 1782 excudendum
1549 1712 1702 1784 curarit.

800 1925 804 1932 '
851 1911 893 1982 Β.
946 1911 1157 2008 Corpora
1183 1911 1416 1983 naturalia
1443 1934 1593 1982 ntueeo
1620 1911 1909 1982 tribuerunt:

588 2077 655 2148 Dr.
686 2077 728 2148 C.
757 2076 800 2146 L.
830 2076 1001 2166 Blume,
1026 2075 1112 2148 lust.
1136 2077 1262 2148 lavan.
1276 2091 1360 2150 artt.
1381 2088 1418 2148 et
1429 2079 1541 2172 agric.
1557 2077 1673 2148 excol.
1693 2079 1827 2167 eduen,
1848 2100 1946 2150 nuuc
1966 2079 2065 2150 horti
2084 2082 2179 2164 bot,

731 2211 904 2282 Bataviae
927 2209 1112 2300 florentis,
1148 2211 1353 2301 Director,
1383 2211 1595 2284 animalium
1624 2222 1663 2282 et
1688 2211 1898 2303 plantarum
1929 2211 2182 2283 collectionem

731 2365 887 2436 eamque
955 2343 1080 2412 multia
1154 2344 1472 2416 observationibus
1537 2343 1793 2436 manuscriptis
1865 2343 2140 2435 locupletiorem
2169 2395 2179 2432 ,

736 2474 956 2546 Academiae
987 2475 1163 2564 tradidit,
1199 2478 1238 2546 in
1266 2477 1367 2548 Actis
1398 2477 1697 2563 describendam,
1728 2476 1871 2547 scilicet
1902 2489 2079 2570 quatenus
2112 2479 2182 2546 sibi

732 2611 884 2702 propria
915 2632 1060 2680 esseae
1088 2611 1251 2702 primum
1282 2635 1304 2680 a
1331 2624 1448 2683 semet
1473 2611 1533 2686 vel
1561 2611 1816 2682 animadversa
1852 2609 1912 2683 rel
1935 2612 2179 2703 investigata,

734 2741 882 2812 disertio
915 2743 1037 2815 verbis
1078 2743 1125 2812 ad
1159 2744 1300 2836 singula
1339 2745 1432 2817 haec
1475 2745 1715 2818 adnotaverit.
1753 2743 1804 2812 Et
1846 2743 1989 2816 leviora
2032 2745 2180 2835 quidem
2213 2836 2221 2851 ,

731 2874 854 2968 aliqua
881 2875 1028 2946 existis
1054 2877 1092 2944 in
1117 2875 1187 2946 hoc
1211 2877 1400 2950 uolumine
1427 2880 1685 2964 tractavimus,
1712 2875 1777 2944 aed
1808 2875 1979 2966 graviora
2008 2897 2054 2943 ex
2081 2853 2181 2946 omni

732 3005 812 3084 fere
843 3019 999 3100 naturae
1023 3030 1159 3101 regno,
1181 3007 1339 3082 favente
1367 3023 1405 3082 et
1437 3011 1640 3105 opitulante
1672 3007 1799 3078 forsan
1824 3007 2176 3096 Reinwardtio,

736 3139 887 3234 Collega
904 3140 1140 3214 dilectissimo
1163 3155 1203 3214 ct
1225 3143 1486 3237 inclytissimo,
1508 3144 1548 3214 in
1576 3141 1762 3216 volumina
1784 3143 1954 3236 proxima
1977 3139 2181 3213 reiicieuda

734 3288 852 3347 erant.

585 3409 643 3480 Dr
679 3409 710 3478 J.
737 3409 782 3481 Ia.
811 3410 854 3480 C.
882 3409 1109 3504 Hellwig,
1136 3410 1288 3504 Collega
1310 3409 1550 3500 venerabilia,
1579 3407 1782 3502 Hyphae
1812 3405 2175 3497 arachnoideae‚

731 3543 770 3611 in
787 3541 857 3611 hoc
882 3542 1072 3616 volumine
1090 3539 1144 3640 (p.
1168 3545 1242 3639 559
1266 3545 1366 3642 aqq.)
1389 3544 1614 3638 descriptae,
1641 3541 1842 3634 specioaam
1866 3539 1979 3610 telam
2006 3539 2117 3610 misit.

708 3737 833 3818 Libris,
853 3739 910 3824 qui
931 3747 1141 3826 sequuntur,
1565 3735 1801 3803 Bibliothecam
1819 3743 2002 3804 auxerunt:

582 3923 700 4004 Kongl.
749 3923 950 4002 Vecemtapi
992 3923 1202 3986 Academicus
1246 3924 1481 4008 Harrdlingm

623 4009 765 4103 &1821
790 4071 828 4087 -
851 4038 1033 4100 croatam
1065 4041 1144 4108 1821

582 4126 838 4220 irsbentctelser
854 4177 905 4217 cm
919 4157 1187 4236 vctcmkopemes
1210 4152 1394 4242 fromstcg,
1427 4149 1481 4240 os·
1530 4177 1713 4244 Academpa
1732 4176 1955 4246 Hopmpemp„

619 4265 715 4353 gifire
730 4263 778 4356 af
786 4271 904 4354 Kongl.
918 4272 954 4333 V
952 4271 1346 4350 etatulam-Academicus
1353 4270 1484 4336 arabeta·

624 4393 698 4448 mdu
719 4387 750 4446 ct.
769 4389 920 4470 31Mars
939 4385 1031 4454 1821.
1052 4388 1233 4452 Seockholm
1252 4390 1344 4457 1892

583 4499 735 4567 Annales
757 4503 962 4568 Academiae
981 4505 1324 4594 toguano-Batava
1353 4507 1478 4574 1820·-

623 4621 704 4688 1821
737 4628 772 4684 et
809 4617 1026 4689 mmm
1065 4621 1228 4710 Lugduni
1269 4622 1479 4689 Batavorum
1526 4579 1710 4646 Academia
1737 4575 2066 4666 lugduno-Batava.

624 4735 714 4804 1821.
789 4741 791 4747 '

578 4849 833 4941 Denkschrr'scrn
855 4855 914 4918 der
949 4813 1339 4936 Miaidioi-Bauium
1357 4854 1485 4920 borant·
1533 4889 1688 4961 soem„
1702 4893 1812 4982 Regia
1830 4899 1991 4963 bonum
2011 4893 2175 4963 Rapis

618 4971 710 5034 scheri
753 4968 970 5059 Gcscllsclrafc
1007 4975 1042 5035 r'u
1086 4969 1306 5058 Regembarg.
1339 4976 1487 5038 cht‘ter
1593 4982 1722 5048 nentia.

620 5089 726 5158 Band.
746 5089 956 5173 Regcnsburg
977 5088 1069 5158 1822·
