4692 6142
471 494 522 577 86
788 488 1086 583 Manantes,
1120 488 1252 561 Pruna
1276 506 1331 559 zu
1360 484 1760 579 Wrrn-Ncuwtrn,

429 600 435 627 .

413 720 415 725 ’
473 689 628 781 Tubus
680 689 798 774 intus
848 686 1105 807 pubescens.
1186 682 1407 773 Anthe-rae
1459 684 1509 769 in
1559 684 1711 773 medio
1762 686 1870 776 tubo
1916 689 2087 792 subses-

473 836 601 943 siles,
661 821 843 940 ovatae,
896 830 1191 939 bilocnlar'es,
1245 833 1369 949 apice
1410 829 1539 945 longe
1581 832 1807 958 subulatae
1849 857 1894 922 et
1935 859 2088 935 tortae·

474 979 621 1094 Stylus
653 976 711 1065 ad
743 977 947 1071 antheras
976 1008 1117 1097 usque
1151 976 1314 1085 elatus,
1348 978 1473 1094 apice
1505 978 1551 1062 in
1583 977 1790 1095 copulam
1828 978 2088 1075 obeonicam

439 1125 671 1238 margine
720 1125 1001 1240 prominente
1049 1122 1238 1222 cinctam
1282 1123 1574 1231 incrassatus,¹
1604 1125 1679 1222 cui
1717 1121 1883 1223 insidet
1919 1125 2090 1240 stigma

478 1292 681 1375 ovatum,
723 1268 955 1375 obtusum,
986 1266 1082 1356 basi
1111 1268 1451 1354 involucratum.

576 1406 792 1515 Fructus,
843 1408 1099 1529 (Maugcba
1147 1406 1369 1521 indigenis
1410 1407 1720 1528 appellatum)
1774 1406 1915 1509 Bacca
1944 1408 2091 1529 unilo-

479 1553 658 1663 cularis,
700 1554 1022 1669 oligosperma,
1055 1550 1340 1671 pyriformis,
1380 1552 1708 1677 magnitudinex
1736 1554 1889 1672 pruni¹
1910 1555 2091 1642 maioris

476 1697 549 1785 vel
581 1698 654 1785 ovi
685 1696 942 1811 gallinacei,
983 1695 1120 1813 pulpa
1149 1695 1277 1783 molli
1307 1693 1656 1815 deliquescente,
1688 1695 1931 1793 seminibus
1962 1692 1988 1785 5
2016 1698 2090 1784 ·6

482 1844 758 1959 compressit.
789 1840 828 1953 *)
1015 1871 1044 1925 a
1101 1840 1174 1943 M.
1880 1921 1885 1930 .

621 1980 697 2093 Acl
723 1985 841 2072 viam
872 1958 1277 2093 Felisbuertiam
1307 2011 1456 2068 mense
1486 1976 1746 2103 Decembris
1797 1981 1922 2075 1816.

580 2120 885 2231 AdnotEst
914 2126 1000 2211 alia
1029 2123 1380 2235 Hancorniae
1410 2125 1592 2242 species,
1625 2154 1761 2243 quam
1790 2123 2091 2242 pubescen.

485 2293 591 2357 tem
647 2269 919 2385 appellamus
951 2270 1084 2356 etita
1115 2267 1448 2384 distinguimus:
1483 2266 1539 2355 H.
1584 2266 1928 2384 pubescens,
1961 2272 2087 2359 caule

486 2412 824 2522 arborescente,
886 2412 1005 2501 soliis
1059 2412 1355 2519 subcoriaceis
1404 2410 1610 2533 oblongis
1644 2410 1798 2529 obtuse
1829 2414 2087 2531 euspidatis,

486 2559 624 2674 cymis
657 2555 964 2663 terminalibus
993 2555 1217 2649 sessilibus
1248 2554 1537 2657 dichotomis.

601 2699 764 2809 Differt
787 2729 818 2782 a
846 2696 1138 2813 praecedente
1148 2731 1162 2797 ,ε
1208 2698 1328 2786 foliis
1358 2703 1681 2817 angustioribus
1728 2700 1905 2817 longius,
1944 2704 2088 2819 cuspi-
2135 2808 2138 2811 ἢ

430 2926 438 2934 .
488 2840 626 2959 datis,
663 2841 851 2958 cuspide
884 2840 1202 2953 obtusiusculo,
1239 2845 1384 2947 miuus
1413 2844 1627 2947 coriaceis
1656 2848 1866 2969 venisque
1897 2846 2088 2941 laterali·

486 2980 571 3069 bus
601 3015 691 3069 non
722 2979 904 3098 integris
935 2984 1123 3092 strictis,
1178 2985 1257 3072 sed
1287 2992 1518 3077 ramulosis
1564 2990 1889 3097 tenerioribus,
1949 2968 2098 3077 trans·⁴

417 3126 419 3129 ’
490 3125 626 3213 versis
677 3148 849 3234 tamen3
921 3125 1208 3243 pubescentia
1248 3157 1474 3216 ramorum
1512 3153 1557 3219 et
1596 3130 1838 3240 foliorum3
1903 3130 2080 3216 floribus

489 3269 630 3389 duplo
662 3269 932 3377 maioribus,
977 3268 1085 3356 tubo
1116 3270 1316 3359 breviori
1345 3274 1569 3362 instructis
1609 3297 1653 3363 et
1682 3276 1728 3359 iu
1761 3303 1907 3388 cymas
1935 3277 2083 3361 termi-

488 3413 608 3501 nales
635 3410 896 3501 multifloras
927 3410 1137 3499 collectis.
1206 3404 1396 3502 Fructus
1427 3446 1517 3503 non
1546 3415 1692 3501 minus
1719 3416 1830 3531 grati
1867 3417 2085 3533 saporis

487 3557 575 3645 bis
605 3554 884 3655 tribuitur
915 3557 969 3647 ab
1000 3556 1226 3671 incolis,
1265 3558 1447 3648 Habitat
1471 3562 1529 3647 in·
1549 3558 1729 3675 Campis
1754 3558 2085 3677 Capitoniae

489 3700 546 3791 de
579 3700 772 3819 Goyaz.
1008 3732 1037 3789 a
1065 3702 1135 3789 M.
1633 3720 1636 3724 ’

608 3845 812 3935 Adnot.
874 3844 1101 3956 German,
1159 3846 1206 3933 in
1236 3846 1476 3967 hisprima
1506 3869 1643 3935 aetate
1676 3846 1961 3966 bipartihile,
2024 3850 2089 3937 in-

491 3988 609 4097 dicio
640 4015 705 4079 est
736 3987 938 4093 affinitati
968 4020 1071 4080 cnm
1096 3989 1282 4111 reliquis
1310 3988 1574 4108 Apocyneis.

1052 4201 1524 4352 Sapoteae

815 4404 1112 4522 Manglilla
1155 4402 1515 4498 brasiliensis
1552 4397 1607 4494 N.
1637 4426 1683 4493 et
1709 4402 1772 4517 M.

593 4570 654 4659 Mt
681 4572 799 4661 foliis
837 4575 1067 4693 ellipticis,
1097 4574 1192 4669 basi
1227 4578 1421 4665 cuneatis
1446 4606 1579 4693 parce
1608 4574 1779 4663 venosis
1810 4570 2084 4662 membrana·

496 4717 601 4825 ceis,
629 4716 812 4837 floribus
839 4720 1096 4826 lateralibus
1126 4721 1437 4839 pedunculatis
1467 4720 1719 4837 aggregatis.

508 4864 861 4891 ι-ώ-ὼ--μ-

534 4926 576 5004 ὕ)
596 4926 713 4993 Tanta
743 4910 913 4999 suavitate
934 4928 1046 5017 gulae¹
1060 4927 1301 5011 lenocinatur,
1319 4940 1418 4997 tanta
1446 4931 1582 5018 saporis
1611 4938 1664 4996 est
1684 4928 1913 5025 praestantis,
1933 4932 1972 4991 ut
1993 4922 2085 4989 haud

608 5036 728 5118 sclam,
750 5056 795 5105 au
812 5043 1051 5108 uetustiorem
1072 5048 1133 5107 aut
1151 5042 1342 5126 gratiorem
1362 5040 1520 5104 Amerina
1539 5038 1717 5124 producat,
1738 5033 1838 5101 Piso
1859 5030 1884 5099 l·
1903 5050 1936 5098 c.
