4692 6142
1721 657 1805 715 XLV

305 853 367 924 Sic
405 851 553 947 primo,
601 873 686 922 cum
730 853 792 923 hic
826 851 991 944 vireret,
1033 866 1204 950 tempore
1245 858 1404 955 quinque
1442 861 1682 939 hebdomadis
1716 872 1805 945 'dies

200 986 322 1080 degit,
360 986 422 1058 die
454 985 603 1056 Saturni
635 995 759 1057 autem
797 989 843 1056 ad
882 987 981 1058 hunc
1006 988 1068 1061 vel
1102 989 1206 1062 illum
1231 993 1354 1064 vicum
1380 996 1608 1072 maritimum
1631 1001 1732 1095 ibat,
1760 1016 1804 1078 ut

198 1123 317 1212 pisces
343 1131 407 1190 aut
433 1141 519 1192 arcs
545 1117 746 1211 colligeret.
798 1117 978 1190 Hibernis
1014 1120 1119 1192 feriis
1146 1123 1245 1196 illius
1281 1129 1367 1196 anui
1391 1127 1800 1230 Amsteiodomum,

199 1253 479 1324 Harlsmum
498 1262 536 1322 et
552 1250 821 1344 Lugdunum
841 1253 914 1324 iter
930 1252 1084 1343 fecit,in
1103 1279 1178 1350 quo
1197 1258 1593 1357 Temminokium,
1615 1280 1695 1340 tum
1713 1297 1802 1366 quo·

198 1407 270 1482 que
286 1385 534 1478 Voigtium
554 1407 678 1456 senem
692 1386 796 1473 adiit,
816 1385 1088 1477 quimultasres
1107 1393 1294 1462 naturales
1312 1397 1535 1490 eivendidit,
1553 1403 1653 1472 inter
1668 1427 1801 1501 easque

197 1519 342 1613 plures,
376 1540 466 1614 quas
501 1517 655 1586 Kohlius
687 1527 771 1587 onte
805 1517 969 1588 nondum
1002 1519 1158 1596 viderat.
1227 1523 1328 1596 Alios
1365 1551 1511 1625 quoque
1543 1534 1645 1606 viros
1672 1538 1800 1609 doctos

198 1653 385 1741 convenit,
412 1666 455 1722 ut
480 1651 860 1744 Brugmansium,
890 1647 1143 1722 Professorem
1162 1653 1461 1750 Lugdunensem,
1489 1686 1576 1737 van
1609 1665 1797 1760 Marum,

195 1784 421 1874 Ductorem,
460 1784 656 1875 Harlemi,
704 1794 741 1856 et
771 1785 833 1878 qui
867 1795 953 1884 sunt
983 1788 1107 1855 ceteri.
1171 1786 1295 1858 Etiam
1330 1791 1370 1861 in
1395 1793 1483 1866 villa
1506 1797 1672 1871 Lisste
1701 1805 1800 1897 apud

195 1917 593 2020 Tamminckium,
622 1931 664 1987 ut
689 1919 858 1988 animalia
881 1917 980 1988 illius
1007 1918 1167 2010 regionis
1195 1922 1405 2016 colligeret,
1443 1928 1649 2026 deindeque
1675 1959 1798 2007 mem-

197 2051 333 2124 bratim
360 2050 555 2140 divideret,
592 2052 787 2121 nonnullos
814 2053 891 2121 dies
917 2063 1162 2123 commoratus
1190 2066 1254 2125 est

298 2187 399 2256 Festi
439 2185 694 2280 pentecostalis
741 2187 817 2257 otio
868 2186 1034 2257 excurrit
1074 2189 1112 2256 in
1156 2185 1346 2260 Rottum
1379 2192 1563 2289 insulam,
1615 2198 1682 2271 ubi
1721 2217 1797 2274 non

192 2319 312 2392 solum
357 2317 474 2390 multa
525 2339 683 2412 corporo
726 2317 906 2388 naturalia
952 2321 1204 2413 conquisivit,
1259 2325 1326 2394 sed
1374 2329 1485 2397 etiam
1529 2355 1612 2401 cum
1655 2334 1797 2407 insulae
1863 2403 1869 2412 .

193 2453 344 2524 custode
389 2477 434 2525 eo
469 2454 664 2542 convenit,
712 2464 754 2523 ut
787 2452 848 2522 hic
886 2452 1029 2542 omnio,
1070 2475 1165 2546 quae
1199 2455 1370 2526 fluctibus
1403 2459 1442 2528 in
1475 2461 1631 2533 insulam
1657 2464 1793 2558 dolata,

192 2585 316 2678 colligi
341 2597 503 2682 possent,
530 2587 600 2679 ipsi
626 2586 902 2654 transmitteret.
954 2584 1157 2676 Sequutum
1179 2594 1235 2652 ost
1248 2585 1305 2654 his
1322 2609 1371 2658 ex
1387 2589 1594 2682 itineribus,
1620 2606 1663 2666 ut
1677 2621 1796 2691 poeno

193 2720 233 2788 in
271 2739 399 2789 omnes
435 2740 565 2787 rerum
596 2717 819 2787 naturalium
858 2726 1073 2810 apparatus,
1107 2716 1235 2808 quiin
1262 2717 1468 2792 Germania
1493 2736 1661 2822 exstant,
1688 2715 1827 2826 copia'

192 2853 397 2946 phocarum
416 2861 460 2936 ¹et
485 2848 609 2923 arium
635 2850 859 2918 marinarum
888 2849 1071 2919 rariorum
1099 2851 1336 2925 redundaret.

298 2985 394 3054 Cum
424 2983 528 3054 feriis
560 2981 707 3054 aestivis
741 2982 825 3050 anni
860 2979 1155 3054 MDCOCXVII
1182 2985 1332 3059 domum
1359 2988 1549 3071 rediisset.
1593 2993 1633 3064 iu
1657 2995 1793 3070 biblio·

192 3119 300 3187 theca
333 3117 525 3188 societatis
558 3115 835 3186 Wolteravicse
883 3115 1051 3185 notitiam
1089 3117 1292 3190 multorum
1329 3123 1497 3214 gravium
1529 3147 1684 3220 operum
1720 3131 1792 3202 sibi

189 3250 345 3343 paravit.
397 3249 611 3342 Eodemque
644 3249 840 3320 vacatione·
872 3245 1045 3318 Honovia
1078 3248 1145 3320 ivit
1170 3249 1484 3348 Heidelbergam,
1517 3257 1584 3329 ubi
1609 3261 1790 3334 Tinde.

188 3407 397 3454 mannum
429 3383 623 3471 convenit,
661 3383 781 3452 virum
817 3380 1120 3452 humanissimum
1156 3395 1193 3453 et
1225 3385 1501 3481 doctissimum,
1543 3394 1608 3487 qui
1637 3396 1731 3464 utils
1753 3397 1790 3467 ei

191 3519 238 3588 de
264 3517 497 3588 instituendis
522 3515 650 3586 studiis
676 3515 798 3585 attulit
822 3514 1012 3584 consilium
1035 3518 1283 3612 nonnullaque
1302 3522 1490 3614 praeclara
1503 3547 1570 3596 sua
1583 3550 1704 3622 opera
1715 3531 1791 3602 do-

186 3653 298 3726 navit.
351 3651 430 3721 Iam
466 3663 545 3721 tum
583 3660 723 3720 tantum
760 3659 975 3742 assequutus
1008 3661 1088 3718 erat
1112 3672 1247 3720 nomen
1271 3653 1310 3721 in
1335 3655 1562 3748 patriacus,
1590 3651 1694 3732 utin
1720 3686 1787 3733 so-

188 3785 358 3856 cietatem
385 3793 538 3853 naturae
570 3783 840 3874 indagatorum,
876 3805 967 3875 quae
995 3778 1346 3874 Morburgi'est‚
1383 3809 1450 3858 neo
1474 3791 1596 3862 minus
1621 3794 1661 3862 in
1687 3817 1783 3884 eam,

187 3940 280 4010 quae
315 3917 575 4004 Honorino,
612 3913 889 3986 Wetteravicse
914 3915 1078 4005 nomine,
1106 3915 1153 3983 ad
1179 3919 1472 4009 promovendum
1499 3946 1607 3997 omno
1632 3938 1785 3997 naturae

186 4050 348 4121 studium
374 4049 571 4121 constituta
597 4061 652 4118 est
666 4099 677 4137 ,
706 4047 945 4141 reciperetur.
997 4047 1050 4118 Et
1081 4046 1154 4120 fine
1180 4053 1364 4145 sequentis
1389 4055 1489 4146 anni,
1517 4056 1579 4127 dio
1596 4057 1674 4127 XX
1699 4059 1785 4130 De·

132 4191 139 4196 “
190 4151 347 4255 cambris
372 4183 457 4254 anni
483 4180 820 4272 MDCCCXVIII,
848 4180 1104 4251 socius-etiam
1132 4183 1333 4256 Caesareae
1357 4199 1504 4259 nostrae
1530 4188 1784 4286 Leopoldinao

190 4314 384 4386 carolinae
411 4315 630 4388 Academiae
657 4313 776 4384 iactus
803 4301 875 4402 ⁸est,
904 4309 1117 4406 cognomine
1142 4315 1160 4384 J
1169 4335 1377 4390 onnsort.

286 4446 360 4518 Die
385 4449 460 4518 Xll
487 4449 641 4544 Augusti
667 4448 839 4540 Hanovia
864 4469 996 4538 magno
1021 4469 1104 4517 cum
1130 4451 1328 4543 comitatu,
1374 4455 1413 4524 in
1438 4479 1512 4554 quo
1537 4467 1619 4528 erat
1641 4456 1782 4530 familia

183 4578 298 4673 ipsius
324 4590 363 4650 et
388 4579 435 4650 de
460 4582 731 4668 Lewhard,
759 4577 958 4650 Professor
977 4579 1248 4676 inclytissimus,
1274 4586 1313 4660 iu
1340 4589 1435 4660 viam
1462 4614 1500 4661 se
1514 4591 1617 4662 dedit
1632 4605 1782 4686 praeter

183 4710 309 4782 Rheni
333 4715 474 4806 ripam,
500 4719 597 4787 uode
621 4740 690 4811 per
714 4714 1016 4799 Neovidium,
1051 4713 1395 4811 Duisburgum,
1422 4722 1777 4817 Ultraiectum,

183 4844 485 4938 Lugdunum,
513 4845 901 4918 Amstelodarnum
929 4867 1100 4917 reversus
1127 4859 1183 4917 est
1207 4849 1451 4946 Groningam.

286 4977 511 5053 Neoridii
535 4981 574 5049 in
604 4983 769 5051 notitiam
803 4984 905 5053 venit
940 4980 1265 5054 Maximiliani
1289 4987 1543 5084 Principis,
1580 4991 1782 5068 abitinere

185 5131 267 5181 suo
286 5133 355 5206 per
374 5111 568 5184 Brasiliarn
586 5115 695 5186 modo
717 5117 871 5207 reversi,
901 5115 963 5211 qui
984 5135 1066 5184 eum
1084 5114 1342 5210 benignissime
1362 5126 1516 5220 excepit.
1549 5127 1638 5201 Pari
1655 5144 1779 5203 autem
1904 5157 1907 5162 ·
