4692 6142
1667 629 1785 712 'xxm

182 867 454 970 ‚constitutioni
490 877 528 940 et
552 865 799 939 lunationibus
830 863 1105 961 perspiciendis·
1124 887 1278 960 operam
1306 870 1497 960 navasset,
1530 867 1717 944 Viennam
1749 866 1804 945 et'

195 1015 280 1078 tum
303 1003 517 1075 Berolinum
542 1000 723 1092 uisitauit,
760 998 887 1096 ibique
918 997 1183 1071 consuetudine
1206 997 1454 1096 complurium
1485 1003 1675 1096 uirorum,
1709 1026 1788 1074 rna-

195 1136 560 1230 gistratusmaiores·
571 1155 658 1204 curn
677 1099 824 1204 eximia
853 1133 997 1228 peritia
1010 1132 1194 1227 laudeque
1216 1133 1444 1226 gerentium,
1476 1157 1564 1206 usus
1588 1147 1656 1208 est.
1688 1136 1788 1209 Dein

195 1270 272 1342 iter
297 1266 344 1338 ad
367 1264 587 1360 principales
610 1263 743 1358 Belgii,
771 1263 980 1336 Galliarum
1005 1274 1043 1335 et
1066 1262 1280 1336 Britanniae
1304 1266 1415 1338 urbes
1439 1267 1618 1357 extendit,
1645 1277 1788 1339 ettam

196 1400 365 1471 Lutetiae
392 1399 642 1490 Parisiorum,
682 1407 762 1466 tuns
795 1397 1012 1491 praesertim
1046 1395 1257 1491 diutiusque
1289 1395 1451 1468 Londini
1477 1373 1617 1492 'pedem
1641 1400 1786 1510 sistens,

194 1533 391 1623 omniaque
423 1531 505 1604 visu
535 1526 793 1599 memorabilia
824 1529 1108 1624 examinemque
1140 1529 1271 1620 digna,
1304 1540 1381 1600 tam
1412 1529 1590 1618 instituta,
1618 1531 1788 1623 publicae

197 1662 396 1734 eruditioni
434 1648 483 1731 et
496 1659 645 1730 utilitati
668 1659 809 1750 dicata,
849 1682 962 1754 quam
984 1659 1077 1728 artis
1098 1659 1401 1755 antiquitatisque
1425 1673 1680 1752 monumenta,
1707 1664 1790 1756 qui·

199 1795 267 1866 bus
300 1805 457 1892 utraque
481 1763 701 1888 metropollg
720 1791 814 1862 adeo
839 1792 988 1886 egregie
1013 1791 1196 1882 abundat,
1220 1791 1384 1865 studiose
1408 1792 1658 1887 perlustrans,
1678 1794 1791 1866 simul

196 1949 245 1998 ex
273 1926 571 2020 opportunitate,
614 1924 709 2018 Ipsi
741 1925 782 1994 in
817 1923 875 1996 his
910 1924 1105 1996 itineribus
1141 1923 1305 2018 undique
1344 1923 1490 2015 oblata,
1537 1925 1712 2020 adituque
1743 1929 1791 1998 ad

198 2060 409 2165 principum
434 2022 623 2130 conclavia
645 2057 937 2152 optimatumque
963 2065 1088 2128 coetus
1112 2056 1280 2150 patente,
1317 2057 1611 2130 observationem
1637 2071 1675 2128 et
1698 2085 1791 2152 cog-

153 2269 161 2281 ,
198 2193 376 2266 uitionem
411 2190 603 2261 hominum
629 2210 870 2284 morumque,
893 2187 1201 2283 diversarumque
1213 2186 1408 2268 fsoeietatis
1433 2187 1615 2261 humanae
1641 2215 1791 2285 compo-

200 2325 344 2396 nendae
371 2321 555 2400 rationum
563 2321 700 2418 reique
724 2320 891 2415 publicae
914 2321 1224 2392 administrandae
1248 2318 1454 2392 formarum
1481 2332 1519 2393 et
1542 2323 1793 2395 eruditionum

197 2457 371 2529 continuo
396 2443 545 2549 angeri,
572 2465 611 2528 et
632 2454 685 2526 sic
709 2453 907 2549 practicam
932 2455 1011 2525 Sui
1035 2455 1188 2549 Ipsius
1213 2455 1530 2549 praeparationem
1539 2455 1590 2524 ad
1612 2455 1791 2548 futuram,

196 2613 291 2686 quae
315 2590 415 2661 haud
432 2590 581 2686 quidem
597 2587 788 2681 ambienti,
809 2586 878 2660 sed
890 2584 1133 2685 promerenti,
1149 2585 1320 2701 pataret,
1344 2584 1552 2656 administri
1569 2585 1792 2680 reipublicae

196 2721 424 2818 provinciam
456 2719 665 2814 perficeret,
1023 2712 1045 2750 ‘

296 2852 360 2923 Ex
389 2851 524 2922 itinere
556 2848 667 2942 longo
689 2845 954 2942 fructuumque
981 2841 1210 2918 fertilissimo
1239 2843 1280 2916 in
1307 2845 1467 2941 patriam
1491 2846 1633 2940 redux,
1667 2846 1792 2920 Har·

198 2983 326 3055 denb
337 3003 386 3054 er
392 2982 436 3076 gi
447 3003 494 3052 ns
514 2980 633 3052 Suum
648 2999 730 3051 esse
746 2978 865 3070 duxit,
886 2999 996 3074 quam
1013 2979 1091 3052 Sibi
1107 2989 1305 3075 paraverat
1319 2979 1596 3076 perspicacioris
1614 2981 1791 3054 scientiae

197 3124 237 3187 et
268 3116 450 3210 practicae
472 3112 708 3208 negotiorum
732 3110 969 3210 publicorum
997 3109 1216 3204 cognitionis
1238 3111 1382 3207 copiam
1393 3163 1406 3205 ,
1440 3131 1490 3184 ex
1520 3113 1615 3188 sotis
1646 3115 1793 3187 amico*

197 3269 281 3318 rum
325 3246 365 3315 iu
403 3245 545 3339 patriae
584 3243 793 3340 civiumque
829 3263 938 3314 usum
972 3241 1169 3336 conferre,
1216 3246 1407 3341 omanue
1444 3247 1505 3318 Se
1530 3246 1662 3337 dedit,
1700 3270 1790 3318 mox

200 3376 415 3478 Consiliarii
450 3377 631 3448 Gamerae
664 3373 787 3446 intimi
815 3372 1071 3468 praerogativa
1099 3375 1307 3469 insignitus,
1339 3375 1535 3472 fungendis
1560 3378 1791 3472 magistratus

200 3511 389 3604 regiminis
404 3509 606 3604 superioris
619 3505 851 3600 aliorumque
869 3505 1041 3600 deinceps
1052 3505 1330 3601 provinciarum
1337 3506 1674 3600 honorificentiam,
1690 3510 1793 3581 Sibi

188 3665 219 3714 ,a
248 3641 422 3736 Principe
452 3639 628 3710 Electore
658 3637 949 3738 Hannorerano,
977 3615 1192 3710 Britanniae
1220 3637 1321 3734 Rege
1346 3639 1556 3733 Potentiae,
1581 3643 1789 3744 demanda·

198 3789 335 3865 tarum,
360 3773 505 3864 officiis,
529 3774 567 3844 in
584 3771 716 3867 quibus
733 3771 883 3868 quidem
899 3768 1139 3843 solertissime
1164 3783 1202 3845 et
1223 3771 1417 3844 scitissime
1440 3772 1630 3868 explendis
1646 3785 1790 3847 tantum

196 3930 371 4004 superum
408 3907 579 4039 plqusum
608 3913 824 4002 tantamque
858 3901 971 3977 fidem
1006 3913 1045 3975 et
1077 3903 1386 3978 existimationem
1416 3905 1576 3978 obtinuit
1588 3959 1600 3999 ,
1640 3919 1684 3979 01
1716 3909 1787 4001 bis,

197 4039 302 4110 annis
331 4041 424 4133 1778
449 4049 488 4110 et
518 4039 626 4132 1780,
653 4057 778 4109 rerum
804 4035 1101 4130 grarmimsrnm
1127 4037 1433 4132 negotiandamm
1457 4061 1566 4111 causa
1582 4040 1633 4110 ad
1649 4041 1788 4135 Regem

200 4169 414 4266 Lopdinum
439 4145 634 4291 legaretup.
676 4167 825 4242 Eodem
848 4175 971 4238 antem
992 4151 1093 4232 01100
1117 4157 1267 4258 (1780)
1290 4169 1494 4232 commotus
1518 4172 1575 4232 est
1597 4160 1784 4255 Noster,

201 4309 243 4370 01
268 4302 430 4374 oblatum
463 4302 560 4398 Ipsi
582 4325 606 4372 a
635 4300 742 4375 Duce
771 4296 1036 4398 Bruusrieensi
1060 4294 1296 4384 celsissimo,
1334 4292 1505 4366 001010
1530 4293 1796 4387 Guilelmo,

201 4429 334 4504 Herae
364 4433 429 4506 illo
459 4435 498 4505 in
531 4445 616 4528 toga
648 4457 831 4530 sagoque,
865 4455 999 4504 munus
1030 4429 1198 4500 eminens
1228 4425 1415 4499 Praefecti
1445 4425 1594 4496 maioris
1619 4448 1787 4499 camerae

200 4563 388 4635 redituum
409 4561 683 4665 (Grossvoigt)
707 4575 746 4638 et
772 4565 985 4638 Consiliarii
999 4559 1128 4673 11011101
1139 4558 1265 4649 actim,
1291 4558 1486 4653 locumque
1511 4557 1550 4626 in
1574 4555 1786 4632 Ministerio

201 4697 324 4768 Status
358 4696 635 4772 Brunsricensis
664 4701 870 4795 acciperet,
915 4698 975 4770 cui
1011 4693 1151 4788 aliquot
1181 4712 1296 4763 annos
1323 4699 1406 4784 post
1428 4685 1575 4783 (1787)
1600 4687 1785 4764 Praesidis
1839 4701 1842 4706 ’

201 4831 358 4925 Collegii
383 4831 562 4903 Cametas
586 4833 778 4928 provincia
801 4832 964 4905 accessit.
1003 4827 1049 4899 In
1074 4825 1205 4921 quibus
1229 4821 1377 4918 quidem
1404 4811 1617 4893 muneribus
1649 4815 1786 4915 gratis·

199 4965 300 5036 simis
331 4965 584 5061 prosperririm
619 4989 702 5042 cum
726 4989 894 5040 successu
926 4956 1223 5036 administrandis
1247 4954 1433 5049 Principis
1459 4953 1525 5023 Sui
1549 4955 1703 5048 gratiam
1733 4957 1785 5027 fa-

200 5117 401 5197 voremque
441 5097 549 5174 inivit
580 5097 822 5193 stammam,
863 5101 916 5172 ita
963 5106 1006 5168 ut
1039 5089 1270 5186 dignissimus
1304 5089 1588 5193 praecaeteris
1626 5089 1672 5162 ab
1693 5091 1784 5186 ripsa
