4692 6142
527 527 601 606 1⁵4
818 523 862 594 Ο.
893 518 942 594 G.
967 521 1079 634 Nares
1104 520 1151 592 ab
1176 519 1393 591 Etennaox
1417 527 1456 590 et
1482 519 1525 590 C.
1551 519 1599 609 fle
1624 517 1840 632 Minurus,

784 991 793 1012 ,
865 923 871 932 ”
927 911 1302 1000 Character
1352 901 1715 998 haturalis.

646 1132 686 1219 C
705 1133 757 1215 al
775 1133 791 1216 i
809 1165 832 1216 r
864 1127 1032 1216 inferus
1051 1195 1064 1235 ,
1109 1125 1446 1244 monophyllirs,
1488 1130 1823 1242 campanulato-
1836 1119 2129 1252 subpentago²

531 1305 639 1381 nus,
668 1266 1101 1393 quinquedentatus,
1130 1271 1335 1357 dentibus
1361 1269 1518 1355 erectis
1553 1271 1703 1364 acutis.

651 1415 831 1502 Corol
849 1415 903 1500 la
945 1405 1256 1529 monopetala,
1285 1411 1366 1498 sed
1401 1428 1481 1527 per
1509 1436 1706 1518 suturas,
1748 1447 1773 1499 e
1800 1411 1971 1499 laciniis
2001 1411 2131 1498 limbi

535 1547 877 1645 decurrentibus
906 1555 1102 1662 obortas',
1128 1557 1448 1672 pentapetalam
1471 1587 1515 1640 se
1547 1554 1853 1662 manifestans,
1876 1555 2133 1666 irregulari·

433 1740 437 1747 ·
533 1725 601 1788 ter
627 1698 1077 1815 hypocrateriformis.
1121 1699 1320 1785 Tuhus
1346 1719 1489 1789 rectus
1509 1695 1759 1811 vel-parum
1787 1719 2003 1798 arcuatus,
2030 1694 2132 1778 sub·

534 1842 822 1956 cylindricns.
883 1840 1045 1926 Limb
1062 1872 1125 1925 us
1151 1835 1497 1957 quinquefidus,
1530 1839 1701 1924 laciniis
1728 1839 1867 1924 tribus
1891 1839 2131 1952 superiori-

534 1981 634 2085 bus,
668 1982 838 2068 duabus
871 1981 1174 2081 inferioribus,
1201 1981 1395 2100 indeque
1421 1982 1546 2097 quasi
1574 1980 1834 2085 hilahiatus,
1866 2001 2033 2096 patens.

624 2110 920 2210 *Stamina
964 2148 1129 2240 septem
1145 2184 1171 2246 ³,
1205 2147 1380 2232 erecta,
1423 2123 1648 2219 fertilia
1674 2121 1765 2206 duo
1799 2126 1841 2208 in
1876 2145 2000 2238 parte
2032 2121 2128 2207 tubi

533 2268 764 2384 superiore
783 2289 913 2382 atque
930 2296 982 2350 ex
1007 2295 1061 2349 eo
1076 2263 1326 2396 paullulum
1343 2270 1631 2378 emergentia3
1662 2267 1890 2352 sterilia
1915 2267 2130 2384 quinque,

535 2413 624 2500 illis
656 2412 881 2524 opposita,
914 2408 963 2493 in
989 2432 1113 2523 parte
1144 2439 1347 2522 suprema
1380 2409 1476 2495 tubi
1530 2409 1765 2494 inferiore.'
1805 2399 2132 2492 'Fila'meuta

534 2553 751 2642 fertilium
780 2553 979 2639 linearia.
1037 2549 1315 2636 Antherae
1361 2536 1563 2648 erectae,
1594 2550 2038 2663 oblongo-lineares,
2069 2541 2135 2626 bi-

536 2671 778 2800 loculares,
817 2695 1058 2778 introrsum
1096 2692 1402 2797 dehiscentes,
1429 2692 1523 2778 basi
1550 2689 1846 2806 appendiculo
1873 2684 2132 2800 glanduloso

540 2839 792 2922 instructae.
843 2836 881 2921 F
892 2836 933 2922 il
947 2866 1026 2940 am
1040 2858 1166 2921 enta
1191 2836 1357 2919 sterilia
1387 2833 1455 2919 vel
1476 2833 1833 2948 parapetaloidea
1853 2830 2012 2916 lineari
2024 2827 2133 2946 ·ob-

531 2977 693 3108 longa,
726 2976 1028 3091 complanata,
1058 2977 1130 3063 vel
1155 2975 1386 3082 subulata,
1421 2995 1495 3060 aut
1521 2975 1704 3058 omnino
1731 2972 1848 3056 nuda
1865 3031 1881 3070 ,
1932 2990 2005 3053 aut
2045 2967 2135 3079 glo-

535 3117 642 3202 bulo
682 3117 904 3202 terminali
936 3118 1154 3203 antherae
1195 3093 1498 3204 rudimentum
1536 3117 1818 3220 exhibentia,
1849 3113 1988 3198 tribus
2020 3133 2137 3196 exte·

537 3260 764 3366 rioribus,
804 3256 977 3345 dnobus
1005 3261 1154 3375 paullo
1191 3262 1475 3347 interioribus
1503 3292 1604 3346 cum
1634 3261 1722 3346 illis
1749 3255 2068 3343 alternantibus
2095 3271 2139 3337 et

535 3401 740 3487 nonnihil
810 3401 1106 3488 brevioribus.
1182 3401 1395 3490 Pollen
1455 3391 1821 3516 gr'ossinsculum,
1888 3370 2135 3512 globoium,

534 3574 741 3660 opacum,
769 3543 1040 3630 foraminulo
1067 3547 1305 3632 mamillari
1338 3546 1573 3649 diffluens,
1605 3545 1879 3660 papillatum.
2011 3534 2026 3556 ’

650 3684 897 3770 Habitus.
934 3685 972 3770 F
986 3689 1200 3771 rutices
1234 3691 1367 3771 camai
1395 3687 1591 3790 habitus,
1632 3687 1974 3787 arborescentes,
2004 3682 2136 3768 dense

536 3829 709 3912 ramosi.
769 3824 929 3911 Folia
961 3857 1138 3941 sparsa,
1171 3827 1346 3943 glabra,
1385 3827 1938 3944 glanduloso-punctata,
1977 3823 2135 3929 nitida,

534 3969 758 4083 plerisque
788 3990 979 4070 ternata,
1011 3971 1301 4084 exstipulata3
1330 3971 1527 4057 lateralia
1558 3969 1650 4054 basi
1676 3965 1967 4086 subobliqua,
1998 3968 2142 4083 petio·

537 4111 589 4196 lis
621 4107 845 4194 subulatis.
907 4109 942 4194 F
952 4111 1099 4196 lores
1141 4117 1420 4218 terminales,
1467 4110 1734 4226 paniculati‚
1769 4109 2053 4225 dispositione
2078 4109 2143 4192 in-

408 4288 412 4297 ·
539 4246 715 4334 terdum
747 4247 1044 4347 subdisticba,
1076 4250 1213 4336 albidi
1240 4253 1310 4337 vel
1337 4255 1603 4338 ochroleuci.

659 4385 847 4471 Statio
879 4410 932 4471 et
960 4387 1277 4475 Habitatio.
1338 4386 1557 4482 Silvarum
1584 4396 1910 4512 primaevarnm
1952 4391 2139 4476 incolae.
2174 4449 2178 4460 ·

540 4529 658 4615 luter
692 4529 764 4616 23⁰
792 4530 1036 4615 latitudinis
1075 4555 1120 4617 et
1150 4559 1430 4650 aequatorem
1474 4539 1631 4652 passim
1670 4568 1750 4654 per
1776 4530 2014 4622 'Brasiliam
2061 4536 2140 4620 ob·

379 4682 383 4691 ’
433 4757 436 4765 ff
537 4696 730 4761 servatae
757 4697 860 4759 sunt
894 4672 1024 4757 huius
1050 4677 1220 4786 generis
1250 4679 1418 4791 species
1442 4703 1567 4778 tres,
1613 4680 1709 4763 loca
1736 4679 1943 4760 suffocata
1974 4676 2134 4776 minus,

537 4843 673 4932 quam
705 4818 879 4930 aprica,
914 4816 1173 4931 diligentes,
1203 4843 1525 4940 proptereaque
1557 4821 1615 4912 ad
1663 4822 1880 4936 margines
1927 4819 2136 4903 silvarum

536 4955 866 5074 fluviorumque
894 4961 1152 5073 praesertim
1180 4961 1349 5048 obviae.
1752 4940 1755 4952 Ι
