4692 6142
503 527 565 609 aa
859 508 970 589 Naue
995 510 1042 584 eb
1066 506 1429 585 Bormum.
1452 533 1477 583 e
1498 510 1717 610 Murrus,

609 713 731 828 Syn·
789 704 1036 801 Go'etbaa
1076 704 1384 798 eaaliflora
1421 706 1476 799 lt.
1509 708 1563 797 ab
1592 709 1648 797 Ε.
1684 713 1779 800 aot.
1812 714 1920 803 Zela.
1958 721 2079 810 1821.

504 859 586 957 No.
624 886 690 971 ¹9·
715 885 760 972 pe
790 854 892 959 304·
1474 970 1482 985 ,
1893 967 1895 970 ,

602 998 787 1085 Dese-r.
847 992 1000 1101 Caelis
1025 991 1236 1109 lignosa»,
1258 988 1575 1111 ‘3·d²epedalis,
1599 992 1736 1110 digiti·
1752 996 1848 1087 fere
1874 1005 2081 1103 crassitie,

505 1140 707 1255 simplex,
739 1134 834 1222 basi
864 1156 1008 1221 tamen
1040 1133 1222 1223 ramulis
1254 1133 1426 1255 aliquot
1452 1136 1659 1224 brevibus
1685 1143 1890 1228 tenuibus
1916 1146 2090 1260 praedi·

505 1307 573 1369 tus
584 1326 607 1380 ,·
632 1310 657 1365 a
684 1276 788 1364 basi·
809 1275 873 1362 ad?
891 1277 1075 1391 apr'eem.
1092 1275 1292 1379 foliosus,
1324 1297 1520 1374 erectus,
1550 1297 1688 1384 teres,
1737 1284 1903 1369 cortice
1932 1284 2082 1397 glabro

509 1418 685 1525 albido;
738 1414 898 1503 ramuli
936 1417 1107 1531 apicem
1148 1440 1298 1501 versus
1337 1414 1633 1529 subaugulosi.
1691 1419 1840 1514 ,Folia
1884 1426 2083 1529 alterna,

504 1563 738 1679 conspicue
784 1562 836 1645 in·
871 1564 1034 1674 spiram
1075 1558 1313 1673 disposita,
1366 1556 1672 1667 dodrantalie,
1722 1562 1748 1645 3
1785 1567 1936 1649 uncias
1980 1566 2084 1667 lata,

375 1800 378 1805 Δ
508 1704 683 1819 petiolis
713 1698 1548 1813 sescunelalibue·plano-canaliculatis
1578 1704 1625 1788 in
1654 1707 1817 1791 teneris
1846 1708 2088 1794 secuudum

509 1845 711 1930 canalem
757 1842 962 1928 breviterr
996 1840 1158 1955 pilosis·
1193 1837 1460 1943 insidentia,
1500 1840 1720 1957 oblonga,
1777 1869 1953 1957 anguste
2005 1878 2086 1933 nec

504 2006 608 2075 verb
640 1986 1109 2099 argareaaumiuara,
1126 1981 1221 2067 beni·
1245 2006 1395 2086 acuta,
1429 1984 1604 2097 glabra,
1635 1987 1934 2101 integerrima,
1962 1989 2088 2074 arida

506 2153 693 2217 attamen
727 2130 949 2231 cariacae,
982 2126 1335 2241 semitriuervia,
1365 2126 1503 2214 valde*
1526 2120 1957 2235 reticulato-venosa,
1988 2132 2090 2216 suh·

505 2295 572 2356 tus
603 2267 853 2381 pallidiora.
913 2266 1108 2380 Stipulae
1143 2263 1263 2348 foliis
1293 2260 1455 2351 infimis
1487 2265 1668 2372 desunt,
1720 2269 1766 2350 iu
1807 2270 1990 2385 reliquis
2022 2270 2090 2354 di·

504 2412 633 2499 midii
672 2411 826 2525 petioli
853 2408 1126 2520 longitudine
1154 2407 1461 2523 reperiuntur,
1503 2431 1651 2495 ternae
1683 2411 1983 2527 alternaeque,
2011 2442 2089 2497 seu

506 2554 640 2641 modo
682 2554 727 2637 iu
767 2550 850 2636 hoc
893 2548 1028 2634 modo
1060 2550 1105 2633 in
1151 2547 1231 2634 illo
1269 2549 1424 2665 petioli
1464 2548 1600 2634 latere
1646 2548 1801 2655 binae,
1861 2528 1922 2635 iu*
1948 2552 2087 2636 altero

510 2694 703 2807 singulae
735 2713 902 2777 tautum
934 2690 1127 2804 positae,
1161 2690 1303 2774 rarius
1333 2689 1637 2779 tantummodo
1669 2695 1934 2806 geminatae,
1975 2696 2089 2778 eusi-

508 2834 675 2919 lormi-
696 2832 910 2935 lineares,
965 2831 1207 2937 trinerves,
1263 2832 1461 2947 margine
1519 2829 1720 2939 ciliatae,
1776 2831 1893 2917 cauli
1941 2833 2088 2919 stricte

510 2976 755 3091 adpressa'e.
920 2976 931 2985 “

599 3114 753 3201 Floras
782 3112 866 3198 s'ub
896 3113 1021 3200 caule
1047 3113 1216 3220 medio,
1248 3112 1360 3199 locis
1377 3142 1458 3228 per
1492 3112 1722 3199 intervalla
1743 3110 1947 3226 aphyllis‚
1980 3145 2085 3231 quos

502 3257 579 3343 bic
611 3280 655 3345 et
682 3256 777 3340 illic
811 3258 932 3341 rami
953 3256 1134 3373 quidam
1165 3257 1388 3369 excipiunt
1416 3253 1643 3341 breviores
1668 3252 1877 3372 foliisque
1904 3256 2087 3339 minori-

506 3398 588 3483 bus
634 3397 804 3502 restiti,
844 3396 890 3480 in
932 3397 1113 3481 ramulis
1155 3397 1347 3511 propriis
1384 3392 1570 3511 aphyllis
1600 3394 1645 3480 bi
1660 3426 1763 3483 -sen
1794 3396 2091 3483 triliuearibus

509 3538 662 3653 rigidis
686 3539 901 3655 adpressis
931 3538 1025 3627 bini
1058 3563 1132 3625 aut
1161 3541 1286 3625 terui-
1307 3540 1475 3656 quoris
1507 3540 1552 3623 iu
1594 3539 1766 3628 ramulo
1807 3539 2089 3653 proveniunt.

510 3681 588 3766 Ad·
608 3680 731 3767 basin
760 3680 1060 3787 ramulorum,
1093 3682 1215 3769 sieut·
1231 3705 1276 3768 et
1298 3682 1347 3767 iu
1372 3680 1557 3798 reliquis
1584 3682 1741 3785 ramis,
1775 3704 1924 3767 cortex
1941 3682 2091 3766 ‘caulis
2192 3684 2198 3691 ’

508 3823 555 3907 in
594 3822 760 3906 nodum
801 3819 1117 3906 cordiformem
1159 3820 1425 3917 intumescit.
1495 3824 1728 3909 Foliorum
1767 3824 1869 3907 loco
1910 3823 2091 3939 stipulas

508 3962 678 4077 profert
711 3963 905 4047 ramulus
935 3959 1139 4074 floriger,
1173 3994 1333 4083 easque
1357 3966 1537 4053 'formae
1569 3965 1880 4087 reliquarum,
1924 3963 1981 4050 ad
2025 3966 2092 4051 fo-

505 4102 670 4186 liorum
709 4102 831 4186 basin
862 4104 1083 4207 sitarum,
1128 4103 1323 4192 minores
1362 4132 1547 4215 tamen,
1594 4136 1707 4226 quae
1748 4107 1945 4219 geminae
1985 4106 2093 4189 irre·

511 4244 723 4359 gulariter
767 4246 1123 4361 approximatur,
1182 4278 1331 4337 versus
1382 4253 1552 4366 apicem
1609 4250 1770 4335 ramuli
1814 4247 2092 4333 bractearum

507 4386 625 4471 vices
675 4386 886 4471 contiuuo
922 4386 1183 4501 suscipiunt.
1261 4386 1476 4477 Pedicelli
1525 4422 1548 4477 e
1589 4389 1868 4475 bractearum
1915 4410 2094 4473 suarum

509 4529 653 4615 axillis
677 4528 882 4637 solitarii,
913 4552 1087 4635 teretes,
1116 4529 1257 4643 glabri
1284 4557 1358 4619 aut
1382 4533 1574 4649 pilorum
1603 4534 1874 4620 stellatorum
1900 4530 2091 4644 vestigiis

508 4672 690 4777 vestiti,
713 4666 1066 4779 5-6-linear'es,
1096 4671 1228 4760 nodia
1283 4675 1388 4761 Flos
1419 4697 1602 4779 nutans,
1642 4671 1946 4788 praecedentis
1974 4699 2091 4782 mag-

356 4883 365 4900 .
507 4815 708 4904 nitudine
728 4878 742 4923 ,
789 4816 1224 4935 subeampa-nuletns.·
1288 4816 1416 4906 Calix
1460 4818 1651 4902 exterior
1689 4814 1745 4901 ad
1782 4815 1905 4900 basin
1950 4842 2088 4928 nsque

508 4954 880 5075 quadripartitus,
932 4955 1105 5043 laciniis
1153 4958 1410 5077 aequalibus
1463 4961 1560 5049 latis
1606 4958 1865 5062 deltoideis,
1917 4955 2089 5040 inferne
