4692 6142
511 505 586 589 160
742 521 757 537 s
804 490 848 562 0.
875 488 925 561 G.
950 487 1060 558 Naso
1086 485 1134 556 ab
1159 483 1374 554 Esasnncr
1399 491 1436 550 et
1462 479 1504 549 Ο.
1531 478 1577 547 de
1603 475 1824 568 Maurius,

503 717 597 784 tem
619 687 842 810 quandam
869 683 1067 790 seminis,
1100 676 1377 794 receptaculo
1404 676 1496 759 eius
1523 673 1705 789 proprio
1732 675 1964 772 munitam,
2004 703 2091 758 non

509 855 636 946 tegat.
697 827 868 913 Divisio
900 825 1020 910 illius
1051 823 1097 906 in
1129 818 1309 905 lacinias
1339 814 1665 901 valvuliformes
1713 815 1843 930 atque
1875 846 1898 899 e
1930 815 2091 900 cortice

509 973 708 1090 capsulae
748 969 909 1056 solutio
951 969 998 1053 in
1031 966 1217 1050 aliarum
1252 962 1492 1046 multarum
1527 958 1775 1072 plantarum
1807 958 1993 1073 capsulis
2020 957 2095 1042 ob-

506 1119 717 1205 servatur.

624 1287 871 1374 Habitus.
953 1281 1313 1370 arbusculae
1358 1279 1579 1394 simplices
1599 1277 1678 1362 vel·
1704 1305 1862 1390 parum
1885 1305 2091 1360 ramosae.

510 1429 865 1542 Foliasparsa,
898 1423 1169 1529 maiuscula,
1211 1443 1379 1509 ternata
1418 1422 1487 1505 vel
1517 1415 1760 1533 simplicia,
1818 1414 2095 1528 glandulosa-

507 1593 713 1684 punctata
730 1631 744 1672 ‚
774 1567 947 1685 glabra,
981 1563 1144 1666 nitida,
1179 1561 1448 1676 exstipulata.
1508 1561 1543 1646 F
1554 1561 1700 1648 lores
1726 1559 1968 1664 bracteati,
2001 1561 2095 1646 laxe

510 1738 554 1799 et
577 1708 848 1798 subdistiche
882 1706 1120 1805 racemosi,
1156 1705 1480 1791 roseo-albidi.

499 1896 501 1899 ’
628 1881 808 1970 Statio
839 1905 895 1969 et
930 1880 1240 1967 Habitatio.
1287 1882 1462 1995 Species
1496 1873 1692 1996 cognitae
1726 1885 1772 1966 in
1798 1880 1916 1965 silvis
1952 1877 2099 1962 abori-

508 2025 699 2140 ginibus,
733 2026 842 2110 locis
863 2024 1081 2111 umbrosis
1107 2022 1367 2128 udiusculis,
1402 2047 1580 2112 aeterno
1612 2054 1715 2111 rore
1760 2019 1976 2124 madidis,
2024 2020 2100 2106 de·

508 2194 639 2283 gunt,
686 2168 962 2254 brasilienses
1008 2167 1122 2254 duae
1153 2170 1275 2254 inter
1295 2165 1538 2290 gradusar,
1568 2190 1612 2253 et
1646 2197 1695 2250 12
1735 2161 1979 2252 latitudinis
2023 2193 2097 2250 au-

506 2314 647 2401 stralis
673 2311 958 2416 observatae,
1000 2312 1322 2424 gaianensis
1354 2308 1581 2429 aequaturi
1605 2306 1819 2424 proxima.

1152 2489 1463 2585 Species

455 2707 459 2710 ,
607 2642 976 2740 Conchocarpas
1016 2629 1381 2740 macrophyllus
1421 2643 1515 2714 Mik.
1551 2639 1742 2739 (Deiectus
1773 2641 1889 2714 Faun.
1928 2655 1965 2714 et
1997 2643 2099 2714 Flor.

506 2769 609 2842 Bras.
637 2767 665 2837 Ι.
690 2769 764 2839 tab.
792 2766 845 2865 a.)
869 2806 919 2826 -
945 2769 1040 2840 Tab.
1067 2768 1212 2841 XVIII.
1239 2767 1297 2861 lig.
1324 2767 1367 2845 Β.
1393 2765 1505 2864 (flos.)
1533 2781 1535 2784 ’

607 2927 649 2998 O.
675 2925 774 3000 loliis
800 2929 1028 3022 simplicibus
1054 2929 1238 3023 petiolatis
1264 2929 1448 3021 oblongo·
1461 2925 1630 3020 ellipticis
1655 2926 1733 2998 basi
1759 2926 1973 3015 rotundatis.
2072 2950 2080 2963 ·

605 3081 767 3152 Desor.
819 3082 1082 3155 Arbuscula
1120 3086 1290 3180 simplex,
1323 3097 1456 3156 trunco
1493 3080 1743 3176 5-6-pedali
1767 3082 1982 3154 tenuissimo
2006 3082 2101 3177 6-9

505 3204 569 3276 lin.
594 3211 718 3274 crasso
742 3206 841 3277 nudo
866 3210 977 3308 tereti
1001 3208 1158 3301 lignoso,
1186 3209 1322 3282 cortice
1347 3203 1654 3278 cinereo-lusco.
2022 3215 2024 3218 ’

581 3359 687 3431 Folia
713 3361 752 3431 in
777 3365 881 3457 apice
907 3365 1028 3433 trunci
1052 3377 1261 3459 aggregata,
1287 3364 1570 3437 horizontaliter
1593 3362 1767 3456 patentia,
1795 3363 1897 3456 apice
1922 3365 2100 3453 nutantia,

507 3482 704 3578 petiolatn,
742 3485 935 3578 petiolis
960 3487 1209 3561 subteretibus
1234 3489 1312 3558 basi
1336 3486 1545 3558 incrassatis
1572 3486 1675 3579 apice
1699 3484 1746 3553 ad
1769 3482 1982 3558 lolii'basin
2008 3486 2103 3556 arti-

508 3606 635 3702 culatis
661 3607 922 3699 glabrist-5-
946 3607 1208 3704 pollicaribus·;
1235 3635 1385 3704 magna,
1414 3609 1597 3701 oblongo·
1611 3606 1793 3701 elliptica,
1823 3611 1924 3680 8-12
1950 3611 2101 3703 pollices

507 3730 638 3823 longa,
668 3733 765 3825 arsa
778 3740 839 3817 -4
867 3732 955 3826 poll.
982 3732 1077 3822 lata,
1111 3735 1372 3826 integerrima,
1416 3734 1495 3804 basi
1527 3732 1603 3802 lato
1630 3743 1783 3802 cuneata
1807 3732 1868 3804 rel
1893 3734 2101 3826 rotundatas,

507 3855 610 3945 apice
634 3854 858 3942 acutiuscula
882 3854 943 3927 rel
968 3857 1110 3944 obtusa,
1138 3855 1277 3949 glabra,
1306 3858 1493 3950 utrinqne,
1521 3858 1584 3927 sed
1603 3856 1821 3947 praesertim
1845 3857 1987 3948 subtus,
2013 3882 2105 3953 pun-

509 3975 577 4044 ctis
603 3977 761 4046 minImis
786 3976 1009 4068 glandulosis
1022 3977 1242 4071 ferrugineis
1267 3979 1378 4050 dense
1401 3979 1530 4068 obsita,
1558 4002 1669 4072 supra
1692 3981 1788 4051 laete
1813 3980 1960 4069 viridia,
1987 4005 2104 4056 nervo

510 4098 632 4167 medio
657 4097 782 4192 plano,
811 4099 938 4178 subtus
964 4101 1208 4190 flavescentia,
1238 4126 1354 4175 nervo
1379 4102 1501 4172 medio
1527 4105 1783 4195 prominente,
1819 4105 1922 4176 venis
1956 4107 2003 4176 ab
2037 4105 2104 4177 illo

513 4221 715 4312 marginem
740 4239 868 4293 versus
894 4220 1069 4316 parallelo
1094 4228 1398 4318 procurrentibus
1434 4238 1602 4322 pennata.
1654 4223 1957 4296 Pedunculus
1983 4252 2105 4300 com·-

512 4345 683 4433 munis,
711 4344 807 4416 inter
831 4343 921 4416 Iolla
946 4351 1165 4446 proveniens
1192 4373 1395 4445 eorumque
1423 4349 1668 4444 longitudine,
1708 4351 1810 4444 apice
1841 4351 2103 4442 subarcuatus,

515 4476 634 4557 teres,
685 4466 825 4558 laevis,
872 4467 1021 4559 fuscus,
1064 4474 1141 4542 basi
1171 4474 1414 4559 incrassatus,
1451 4475 1548 4544 ultre
1573 4471 1909 4544 dimidium-nudus
1920 4525 1932 4563 ,
1967 4475 2106 4568 apicem

515 4605 643 4661 versus
684 4589 877 4681 Flores,
915 4594 954 4662 in
981 4617 1195 4684 racemum,
1232 4598 1474 4668 eracemulis
1504 4620 1547 4668 10
1581 4608 1618 4668 et
1651 4598 1817 4692 pluribus
1852 4597 2106 4692 compositum,
2141 4577 2142 4582 ἵ

425 4718 428 4724 ’
521 4712 847 4807 5·5·polbcarem
875 4716 1123 4809 interruptum
1148 4717 1356 4810 dispositos,
1381 4741 1522 4812 gerens.
1550 4721 1797 4792 Raccmuli
1825 4721 1886 4794 rel
1910 4719 2033 4813 plures
2059 4743 2105 4790 ex

519 4859 592 4906 uno
623 4835 820 4928 pedunculi
856 4840 1060 4906 communis
1092 4837 1174 4908 loco
1200 4839 1436 4913 fasciculatlm
1462 4848 1634 4938 congesti,
1661 4846 1723 4920 ael
1747 4845 1923 4934 solitarii,
1957 4844 2103 4933 alterni,

522 4959 774 5032 remotiusculi
811 4959 872 5033 vel
906 4963 1239 5055 subapproximati,
1284 4963 1362 5036 basi
1391 4963 1509 5052 folio
1546 4965 1715 5043 florali
1751 4965 1955 5041 lanceolata
1991 4965 2107 5038 sessili
