<?xml version="1.0" encoding="UTF-8"?>
<!DOCTYPE html PUBLIC "-//W3C//DTD XHTML 1.0 Transitional//EN"
    "http://www.w3.org/TR/xhtml1/DTD/xhtml1-transitional.dtd">
<html xmlns="http://www.w3.org/1999/xhtml" xml:lang="en" lang="en">
 <head>
  <title>
</title>
<meta http-equiv="Content-Type" content="text/html;charset=utf-8" />
  <meta name='ocr-system' content='tesseract 3.04.00' />
  <meta name='ocr-capabilities' content='ocr_page ocr_carea ocr_par ocr_line ocrx_word'/>
</head>
<body>
  <div class='ocr_page' id='page_1' title='image "./novaactaphysico03curigoog/novaactaphysico03curigoog_0244.png"; bbox 0 0 4692 6142; ppageno 0'>
   <div class='ocr_carea' id='block_1_1' title="bbox 365 574 1556 722">
    <p class='ocr_par' dir='ltr' id='par_1_1' title="bbox 365 574 1556 722">
     <span class='ocr_line' id='line_1_1' title="bbox 365 574 1556 722; baseline 0.004 -32"><span class='ocrx_word' id='word_1_1' title='bbox 365 602 372 610; x_wconf 51' lang='lat'>⁸</span> <span class='ocrx_word' id='word_1_2' title='bbox 472 574 586 721; x_wconf 22' lang='lat' dir='ltr'><strong>‘Ursa</strong></span> <span class='ocrx_word' id='word_1_3' title='bbox 944 596 978 722; x_wconf 21' lang='lat'><strong>,¹</strong></span> <span class='ocrx_word' id='word_1_4' title='bbox 1083 618 1222 701; x_wconf 62' lang='lat'><strong>(21⁴¹.</strong></span> <span class='ocrx_word' id='word_1_5' title='bbox 1276 622 1556 715; x_wconf 74' lang='lat' dir='ltr'><strong>Bnutre,</strong></span> 
     </span>
    </p>
   </div>
   <div class='ocr_carea' id='block_1_2' title="bbox 370 816 2251 5227">
    <p class='ocr_par' dir='ltr' id='par_1_2' title="bbox 484 816 2251 2638">
     <span class='ocr_line' id='line_1_2' title="bbox 511 816 2125 932; baseline 0.002 -29"><span class='ocrx_word' id='word_1_6' title='bbox 511 839 601 903; x_wconf 89' lang='lat' dir='ltr'><strong>tem</strong></span> <span class='ocrx_word' id='word_1_7' title='bbox 619 838 743 905; x_wconf 87' lang='lat' dir='ltr'><strong>acute</strong></span> <span class='ocrx_word' id='word_1_8' title='bbox 760 816 995 922; x_wconf 81' lang='lat' dir='ltr'><strong>serrulata,</strong></span> <span class='ocrx_word' id='word_1_9' title='bbox 1018 844 1155 903; x_wconf 80' lang='lat' dir='ltr'><strong>nerto</strong></span> <span class='ocrx_word' id='word_1_10' title='bbox 1174 817 1324 924; x_wconf 88' lang='lat' dir='ltr'><strong>medio</strong></span> <span class='ocrx_word' id='word_1_11' title='bbox 1341 844 1522 932; x_wconf 89' lang='lat' dir='ltr'><strong>angusto</strong></span> <span class='ocrx_word' id='word_1_12' title='bbox 1532 840 1806 905; x_wconf 86' lang='lat' dir='ltr'><strong>excurrente.</strong></span> <span class='ocrx_word' id='word_1_13' title='bbox 1838 816 2003 903; x_wconf 84' lang='lat' dir='ltr'><strong>Colore</strong></span> <span class='ocrx_word' id='word_1_14' title='bbox 2018 841 2125 907; x_wconf 81' lang='lat' dir='ltr'><strong>sent</strong></span> 
     </span>
     <span class='ocr_line' id='line_1_3' title="bbox 513 956 2128 1078; baseline -0.001 -34"><span class='ocrx_word' id='word_1_15' title='bbox 513 960 753 1044; x_wconf 88' lang='lat' dir='ltr'><strong>stramineo</strong></span> <span class='ocrx_word' id='word_1_16' title='bbox 794 958 1012 1066; x_wconf 90' lang='lat' dir='ltr'><strong>nitidulo,</strong></span> <span class='ocrx_word' id='word_1_17' title='bbox 1052 956 1132 1043; x_wconf 84' lang='lat' dir='ltr'><strong>sed</strong></span> <span class='ocrx_word' id='word_1_18' title='bbox 1165 960 1257 1076; x_wconf 89' lang='lat' dir='ltr'><strong>ipsa</strong></span> <span class='ocrx_word' id='word_1_19' title='bbox 1283 960 1423 1067; x_wconf 90' lang='lat' dir='ltr'><strong>basis,</strong></span> <span class='ocrx_word' id='word_1_20' title='bbox 1456 992 1546 1078; x_wconf 88' lang='lat' dir='ltr'><strong>qua</strong></span> <span class='ocrx_word' id='word_1_21' title='bbox 1576 958 1746 1044; x_wconf 87' lang='lat' dir='ltr'><strong>caulem</strong></span> <span class='ocrx_word' id='word_1_22' title='bbox 1779 958 2007 1064; x_wconf 81' lang='lat' dir='ltr'><strong>ambiunt,</strong></span> <span class='ocrx_word' id='word_1_23' title='bbox 2035 960 2128 1045; x_wconf 76' lang='lat' dir='ltr'><strong>sne·</strong></span> 
     </span>
     <span class='ocr_line' id='line_1_4' title="bbox 512 1098 2126 1215; baseline 0.001 -30"><span class='ocrx_word' id='word_1_24' title='bbox 512 1102 657 1185; x_wconf 88' lang='lat' dir='ltr'><strong>rescit.</strong></span> <span class='ocrx_word' id='word_1_25' title='bbox 691 1100 808 1185; x_wconf 87' lang='lat' dir='ltr'><strong>Retis</strong></span> <span class='ocrx_word' id='word_1_26' title='bbox 839 1101 1010 1185; x_wconf 83' lang='lat' dir='ltr'><strong>areolae</strong></span> <span class='ocrx_word' id='word_1_27' title='bbox 1028 1100 1143 1193; x_wconf 75' lang='lat' dir='ltr'><strong>,satis</strong></span> <span class='ocrx_word' id='word_1_28' title='bbox 1171 1102 1357 1205; x_wconf 83' lang='lat' dir='ltr'>densae,</span> <span class='ocrx_word' id='word_1_29' title='bbox 1388 1100 1839 1215; x_wconf 84' lang='lat' dir='ltr'><strong>parallelogrammae.</strong></span> <span class='ocrx_word' id='word_1_30' title='bbox 1889 1098 2126 1186; x_wconf 86' lang='lat' dir='ltr'><strong>Pednncu-</strong></span> 
     </span>
     <span class='ocr_line' id='line_1_5' title="bbox 511 1240 2127 1359; baseline -0.002 -32"><span class='ocrx_word' id='word_1_31' title='bbox 511 1245 578 1329; x_wconf 88' lang='lat' dir='ltr'><strong>lus</strong></span> <span class='ocrx_word' id='word_1_32' title='bbox 606 1246 651 1326; x_wconf 90' lang='lat' dir='ltr'><strong>in</strong></span> <span class='ocrx_word' id='word_1_33' title='bbox 685 1244 807 1327; x_wconf 87' lang='lat' dir='ltr'><strong>caule</strong></span> <span class='ocrx_word' id='word_1_34' title='bbox 840 1243 1105 1348; x_wconf 85' lang='lat' dir='ltr'><strong>terminalis,</strong></span> <span class='ocrx_word' id='word_1_35' title='bbox 1139 1243 1347 1359; x_wconf 83' lang='lat' dir='ltr'><strong>deinceps</strong></span> <span class='ocrx_word' id='word_1_36' title='bbox 1375 1241 1434 1327; x_wconf 89' lang='lat' dir='ltr'><strong>ob</strong></span> <span class='ocrx_word' id='word_1_37' title='bbox 1459 1242 1844 1355; x_wconf 72' lang='lat' dir='ltr'><strong>supervenientem</strong></span> <span class='ocrx_word' id='word_1_38' title='bbox 1876 1240 2127 1324; x_wconf 76' lang='lat' dir='ltr'><strong>innovatio-</strong></span> 
     </span>
     <span class='ocr_line' id='line_1_6' title="bbox 513 1381 2119 1499; baseline -0.002 -28"><span class='ocrx_word' id='word_1_39' title='bbox 513 1418 616 1483; x_wconf 87' lang='lat' dir='ltr'><strong>nem</strong></span> <span class='ocrx_word' id='word_1_40' title='bbox 652 1386 874 1493; x_wconf 86' lang='lat' dir='ltr'><strong>lateralis,</strong></span> <span class='ocrx_word' id='word_1_41' title='bbox 911 1384 1103 1471; x_wconf 71' lang='lat' dir='ltr'><strong>blineas</strong></span> <span class='ocrx_word' id='word_1_42' title='bbox 1135 1386 1319 1499; x_wconf 82' lang='lat' dir='ltr'><strong>longus,</strong></span> <span class='ocrx_word' id='word_1_43' title='bbox 1353 1406 1548 1489; x_wconf 78' lang='lat' dir='ltr'><strong>erectus,</strong></span> <span class='ocrx_word' id='word_1_44' title='bbox 1574 1412 1732 1497; x_wconf 88' lang='lat' dir='ltr'><strong>parum</strong></span> <span class='ocrx_word' id='word_1_45' title='bbox 1758 1381 1936 1487; x_wconf 88' lang='lat' dir='ltr'><strong>tortilis,</strong></span> <span class='ocrx_word' id='word_1_46' title='bbox 1969 1382 2119 1487; x_wconf 82' lang='lat' dir='ltr'><strong>laevis,</strong></span> 
     </span>
     <span class='ocr_line' id='line_1_7' title="bbox 484 1522 2120 1642; baseline 0.001 -31"><span class='ocrx_word' id='word_1_47' title='bbox 484 1525 674 1642; x_wconf 84' lang='lat' dir='ltr'><strong>pallide</strong></span> <span class='ocrx_word' id='word_1_48' title='bbox 720 1527 966 1611; x_wconf 89' lang='lat' dir='ltr'><strong>rubescens.</strong></span> <span class='ocrx_word' id='word_1_49' title='bbox 1029 1524 1155 1611; x_wconf 87' lang='lat' dir='ltr'><strong>Folia</strong></span> <span class='ocrx_word' id='word_1_50' title='bbox 1181 1525 1513 1640; x_wconf 86' lang='lat' dir='ltr'><strong>periebaetialia</strong></span> <span class='ocrx_word' id='word_1_51' title='bbox 1554 1522 2120 1631; x_wconf 76' lang='lat' dir='ltr'><strong>imbt·icata,⁴inferiorae</strong></span> 
     </span>
     <span class='ocr_line' id='line_1_8' title="bbox 509 1658 2251 1782; baseline -0.002 -27"><span class='ocrx_word' id='word_1_52' title='bbox 509 1672 605 1755; x_wconf 90' lang='lat' dir='ltr'><strong>basi</strong></span> <span class='ocrx_word' id='word_1_53' title='bbox 624 1670 804 1755; x_wconf 83' lang='lat' dir='ltr'><strong>dilatata</strong></span> <span class='ocrx_word' id='word_1_54' title='bbox 829 1670 1118 1782; x_wconf 83' lang='lat' dir='ltr'><strong>amplectente</strong></span> <span class='ocrx_word' id='word_1_55' title='bbox 1151 1692 1336 1777; x_wconf 87' lang='lat' dir='ltr'><strong>setacea,</strong></span> <span class='ocrx_word' id='word_1_56' title='bbox 1368 1668 1546 1782; x_wconf 73' lang='lat' dir='ltr'><strong>patula,</strong></span> <span class='ocrx_word' id='word_1_57' title='bbox 1578 1665 1792 1749; x_wconf 85' lang='lat' dir='ltr'><strong>interiora</strong></span> <span class='ocrx_word' id='word_1_58' title='bbox 1813 1664 2028 1776; x_wconf 87' lang='lat' dir='ltr'><strong>longiora,</strong></span> <span class='ocrx_word' id='word_1_59' title='bbox 2063 1668 2127 1753; x_wconf 87' lang='lat' dir='ltr'><strong>ad</strong></span> <span class='ocrx_word' id='word_1_60' title='bbox 2247 1658 2251 1663; x_wconf 29' lang='lat'>⁸</span> 
     </span>
     <span class='ocr_line' id='line_1_9' title="bbox 511 1786 2119 1923; baseline -0.002 -28"><span class='ocrx_word' id='word_1_61' title='bbox 511 1811 711 1895; x_wconf 86' lang='lat' dir='ltr'><strong>medium</strong></span> <span class='ocrx_word' id='word_1_62' title='bbox 730 1807 1034 1923; x_wconf 88' lang='lat' dir='ltr'><strong>pedunculum</strong></span> <span class='ocrx_word' id='word_1_63' title='bbox 1057 1786 1247 1915; x_wconf 56' lang='lat' dir='ltr'><strong>extensa,</strong></span> <span class='ocrx_word' id='word_1_64' title='bbox 1271 1809 1986 1922; x_wconf 80' lang='lat' dir='ltr'><strong>lanceolato-setacea,appressa.·</strong></span> <span class='ocrx_word' id='word_1_65' title='bbox 2002 1804 2119 1920; x_wconf 88' lang='lat' dir='ltr'><strong>Cap·</strong></span> 
     </span>
     <span class='ocr_line' id='line_1_10' title="bbox 508 1944 2124 2063; baseline -0.002 -25"><span class='ocrx_word' id='word_1_66' title='bbox 508 1956 604 2041; x_wconf 86' lang='lat' dir='ltr'><strong>sula</strong></span> <span class='ocrx_word' id='word_1_67' title='bbox 635 1955 797 2038; x_wconf 86' lang='lat' dir='ltr'><strong>lineam</strong></span> <span class='ocrx_word' id='word_1_68' title='bbox 837 1951 966 2063; x_wconf 91' lang='lat' dir='ltr'><strong>longa</strong></span> <span class='ocrx_word' id='word_1_69' title='bbox 977 2014 992 2056; x_wconf 93' lang='lat'><strong>,</strong></span> <span class='ocrx_word' id='word_1_70' title='bbox 1028 1974 1202 2056; x_wconf 87' lang='lat' dir='ltr'><strong>erecta,</strong></span> <span class='ocrx_word' id='word_1_71' title='bbox 1243 1948 1460 2062; x_wconf 88' lang='lat' dir='ltr'><strong>oblonga,</strong></span> <span class='ocrx_word' id='word_1_72' title='bbox 1500 1944 1617 2030; x_wconf 86' lang='lat' dir='ltr'><strong>infra</strong></span> <span class='ocrx_word' id='word_1_73' title='bbox 1642 1976 1689 2029; x_wconf 87' lang='lat' dir='ltr'><strong>os</strong></span> <span class='ocrx_word' id='word_1_74' title='bbox 1718 1946 1978 2052; x_wconf 84' lang='lat' dir='ltr'><strong>constricta,</strong></span> <span class='ocrx_word' id='word_1_75' title='bbox 2022 1946 2124 2035; x_wconf 15' lang='lat' dir='ltr'><strong>basi*</strong></span> 
     </span>
     <span class='ocr_line' id='line_1_11' title="bbox 508 2088 2113 2212; baseline -0.001 -32"><span class='ocrx_word' id='word_1_76' title='bbox 508 2094 757 2212; x_wconf 86' lang='lat' dir='ltr'><strong>paullulum</strong></span> <span class='ocrx_word' id='word_1_77' title='bbox 807 2114 1106 2205; x_wconf 86' lang='lat' dir='ltr'><strong>coangustata,</strong></span> <span class='ocrx_word' id='word_1_78' title='bbox 1168 2092 1307 2177; x_wconf 89' lang='lat' dir='ltr'><strong>altero</strong></span> <span class='ocrx_word' id='word_1_79' title='bbox 1342 2088 1479 2177; x_wconf 77' lang='lat' dir='ltr'><strong>latere</strong></span> <span class='ocrx_word' id='word_1_80' title='bbox 1518 2113 1663 2195; x_wconf 91' lang='lat' dir='ltr'><strong>recta,</strong></span> <span class='ocrx_word' id='word_1_81' title='bbox 1706 2091 1842 2176; x_wconf 85' lang='lat' dir='ltr'><strong>altero</strong></span> <span class='ocrx_word' id='word_1_82' title='bbox 1872 2120 2113 2207; x_wconf 82' lang='lat' dir='ltr'><strong>parumper</strong></span> 
     </span>
     <span class='ocr_line' id='line_1_12' title="bbox 509 2218 2118 2340; baseline 0 -17"><span class='ocrx_word' id='word_1_83' title='bbox 509 2237 780 2334; x_wconf 85' lang='lat' dir='ltr'><strong>ventricosa,</strong></span> <span class='ocrx_word' id='word_1_84' title='bbox 840 2234 999 2340; x_wconf 87' lang='lat' dir='ltr'><strong>laevis,</strong></span> <span class='ocrx_word' id='word_1_85' title='bbox 1048 2218 1439 2320; x_wconf 84' lang='lat' dir='ltr'><strong>brunnen-fusca.</strong></span> <span class='ocrx_word' id='word_1_86' title='bbox 1507 2235 1761 2322; x_wconf 86' lang='lat' dir='ltr'><strong>Peristomii</strong></span> <span class='ocrx_word' id='word_1_87' title='bbox 1802 2234 1952 2321; x_wconf 90' lang='lat' dir='ltr'><strong>dentes</strong></span> <span class='ocrx_word' id='word_1_88' title='bbox 1994 2238 2118 2324; x_wconf 87' lang='lat' dir='ltr'><strong>sede-</strong></span> 
     </span>
     <span class='ocr_line' id='line_1_13' title="bbox 507 2372 2131 2484; baseline 0 -20"><span class='ocrx_word' id='word_1_89' title='bbox 507 2382 618 2484; x_wconf 86' lang='lat' dir='ltr'><strong>cim,</strong></span> <span class='ocrx_word' id='word_1_90' title='bbox 662 2377 718 2462; x_wconf 85' lang='lat' dir='ltr'><strong>ad</strong></span> <span class='ocrx_word' id='word_1_91' title='bbox 768 2377 967 2463; x_wconf 87' lang='lat' dir='ltr'><strong>medium</strong></span> <span class='ocrx_word' id='word_1_92' title='bbox 1008 2372 1160 2480; x_wconf 87' lang='lat' dir='ltr'><strong>bifidi,</strong></span> <span class='ocrx_word' id='word_1_93' title='bbox 1204 2377 1384 2479; x_wconf 85' lang='lat' dir='ltr'><strong>inflexi,</strong></span> <span class='ocrx_word' id='word_1_94' title='bbox 1428 2372 1607 2461; x_wconf 85' lang='lat' dir='ltr'><strong>densius</strong></span> <span class='ocrx_word' id='word_1_95' title='bbox 1641 2376 1929 2481; x_wconf 79' lang='lat' dir='ltr'><strong>trabeculati,</strong></span> <span class='ocrx_word' id='word_1_96' title='bbox 1974 2376 2131 2466; x_wconf 75' lang='lat' dir='ltr'><strong>rubri·</strong></span> 
     </span>
     <span class='ocr_line' id='line_1_14' title="bbox 509 2518 1486 2638; baseline -0.003 -30"><span class='ocrx_word' id='word_1_97' title='bbox 509 2521 785 2638; x_wconf 88' lang='lat' dir='ltr'><strong>Operculum</strong></span> <span class='ocrx_word' id='word_1_98' title='bbox 815 2544 859 2607; x_wconf 88' lang='lat' dir='ltr'><strong>et</strong></span> <span class='ocrx_word' id='word_1_99' title='bbox 893 2523 1136 2635; x_wconf 88' lang='lat' dir='ltr'><strong>calyptram</strong></span> <span class='ocrx_word' id='word_1_100' title='bbox 1163 2550 1252 2604; x_wconf 89' lang='lat' dir='ltr'><strong>non</strong></span> <span class='ocrx_word' id='word_1_101' title='bbox 1278 2518 1486 2607; x_wconf 85' lang='lat' dir='ltr'><strong>vidimus.</strong></span> 
     </span>
    </p>

    <p class='ocr_par' dir='ltr' id='par_1_3' title="bbox 507 2658 2114 3205">
     <span class='ocr_line' id='line_1_15' title="bbox 627 2658 2114 2772; baseline 0.004 -24"><span class='ocrx_word' id='word_1_102' title='bbox 627 2663 825 2749; x_wconf 87' lang='lat' dir='ltr'><strong>Adnot.</strong></span> <span class='ocrx_word' id='word_1_103' title='bbox 897 2664 1294 2749; x_wconf 89' lang='lat' dir='ltr'><strong>Trichostomo</strong></span> <span class='ocrx_word' id='word_1_104' title='bbox 1345 2658 1669 2772; x_wconf 87' lang='lat' dir='ltr'><strong>longisolio</strong></span> <span class='ocrx_word' id='word_1_105' title='bbox 1728 2660 1853 2749; x_wconf 85' lang='lat' dir='ltr'><strong>Brid.</strong></span> <span class='ocrx_word' id='word_1_106' title='bbox 1905 2664 2114 2755; x_wconf 73' lang='lat' dir='ltr'><strong>accedere</strong></span> 
     </span>
     <span class='ocr_line' id='line_1_16' title="bbox 507 2797 2114 2923; baseline 0.002 -32"><span class='ocrx_word' id='word_1_107' title='bbox 507 2807 716 2912; x_wconf 90' lang='lat' dir='ltr'><strong>videtur,</strong></span> <span class='ocrx_word' id='word_1_108' title='bbox 747 2806 882 2923; x_wconf 89' lang='lat' dir='ltr'><strong>-qnod</strong></span> <span class='ocrx_word' id='word_1_109' title='bbox 924 2808 981 2892; x_wconf 94' lang='lat' dir='ltr'><strong>ob</strong></span> <span class='ocrx_word' id='word_1_110' title='bbox 1004 2812 1251 2921; x_wconf 72' lang='lat' dir='ltr'><strong>‘peristoma</strong></span> <span class='ocrx_word' id='word_1_111' title='bbox 1295 2797 1470 2889; x_wconf 61' lang='lat' dir='ltr'><strong>⁴laesum</strong></span> <span class='ocrx_word' id='word_1_112' title='bbox 1513 2836 1536 2890; x_wconf 90' lang='lat' dir='ltr'><strong>a</strong></span> <span class='ocrx_word' id='word_1_113' title='bbox 1582 2806 1877 2893; x_wconf 87' lang='lat' dir='ltr'><strong>celeberrimo</strong></span> <span class='ocrx_word' id='word_1_114' title='bbox 1922 2810 2114 2895; x_wconf 85' lang='lat' dir='ltr'><strong>Auctore</strong></span> 
     </span>
     <span class='ocr_line' id='line_1_17' title="bbox 507 2948 2113 3056; baseline 0.004 -20"><span class='ocrx_word' id='word_1_115' title='bbox 507 2954 622 3036; x_wconf 88' lang='lat' dir='ltr'><strong>inter</strong></span> <span class='ocrx_word' id='word_1_116' title='bbox 642 2948 948 3036; x_wconf 88' lang='lat' dir='ltr'><strong>Trichostoma</strong></span> <span class='ocrx_word' id='word_1_117' title='bbox 974 2976 1063 3056; x_wconf 86' lang='lat' dir='ltr'><strong>non</strong></span> <span class='ocrx_word' id='word_1_118' title='bbox 1090 2951 1216 3034; x_wconf 90' lang='lat' dir='ltr'><strong>omni</strong></span> <span class='ocrx_word' id='word_1_119' title='bbox 1243 2979 1323 3034; x_wconf 90' lang='lat' dir='ltr'><strong>sno</strong></span> <span class='ocrx_word' id='word_1_120' title='bbox 1341 2949 1438 3036; x_wconf 90' lang='lat' dir='ltr'><strong>iure</strong></span> <span class='ocrx_word' id='word_1_121' title='bbox 1458 2948 1635 3038; x_wconf 81' lang='lat' dir='ltr'><strong>videtur</strong></span> <span class='ocrx_word' id='word_1_122' title='bbox 1654 2951 1853 3037; x_wconf 87' lang='lat' dir='ltr'><strong>relatum.</strong></span> <span class='ocrx_word' id='word_1_123' title='bbox 1895 2949 2113 3042; x_wconf 86' lang='lat' dir='ltr'><strong>Addimus</strong></span> 
     </span>
     <span class='ocr_line' id='line_1_18' title="bbox 508 3080 754 3205; baseline -0.004 -28"><span class='ocrx_word' id='word_1_124' title='bbox 508 3080 754 3205; x_wconf 85' lang='lat' dir='ltr'><strong>diagnosin.</strong></span> 
     </span>
    </p>

    <p class='ocr_par' dir='ltr' id='par_1_4' title="bbox 421 3209 2146 3774">
     <span class='ocr_line' id='line_1_19' title="bbox 421 3209 2119 3349; baseline 0.004 -30"><span class='ocrx_word' id='word_1_125' title='bbox 421 3209 433 3236; x_wconf 59' lang='lat'><strong><em>⁴</em></strong></span> <span class='ocrx_word' id='word_1_126' title='bbox 506 3235 956 3329; x_wconf 85' lang='lat' dir='ltr'><strong>Trichostomum</strong></span> <span class='ocrx_word' id='word_1_127' title='bbox 1020 3232 1416 3346; x_wconf 85' lang='lat' dir='ltr'><strong>longifolium,</strong></span> <span class='ocrx_word' id='word_1_128' title='bbox 1473 3259 1634 3325; x_wconf 80' lang='lat' dir='ltr'><strong>trunco</strong></span> <span class='ocrx_word' id='word_1_129' title='bbox 1698 3262 1846 3326; x_wconf 89' lang='lat' dir='ltr'><strong>erecto</strong></span> <span class='ocrx_word' id='word_1_130' title='bbox 1901 3270 2119 3349; x_wconf 74' lang='lat' dir='ltr'><strong>ramoso,</strong></span> 
     </span>
     <span class='ocr_line' id='line_1_20' title="bbox 564 3357 2114 3497; baseline 0.006 -39"><span class='ocrx_word' id='word_1_131' title='bbox 564 3357 682 3458; x_wconf 85' lang='lat' dir='ltr'><strong>soliis¹</strong></span> <span class='ocrx_word' id='word_1_132' title='bbox 730 3372 1018 3459; x_wconf 86' lang='lat' dir='ltr'><strong>subsecundis</strong></span> <span class='ocrx_word' id='word_1_133' title='bbox 1076 3376 1327 3489; x_wconf 88' lang='lat' dir='ltr'><strong>patentibus</strong></span> <span class='ocrx_word' id='word_1_134' title='bbox 1362 3412 1387 3465; x_wconf 91' lang='lat' dir='ltr'><strong>e</strong></span> <span class='ocrx_word' id='word_1_135' title='bbox 1429 3380 1524 3466; x_wconf 88' lang='lat' dir='ltr'><strong>basi</strong></span> <span class='ocrx_word' id='word_1_136' title='bbox 1566 3412 1756 3466; x_wconf 83' lang='lat' dir='ltr'><strong>concava</strong></span> <span class='ocrx_word' id='word_1_137' title='bbox 1804 3384 2114 3497; x_wconf 81' lang='lat' dir='ltr'><strong>amplexicauli</strong></span> 
     </span>
     <span class='ocr_line' id='line_1_21' title="bbox 564 3514 2146 3644; baseline 0.009 -43"><span class='ocrx_word' id='word_1_138' title='bbox 564 3517 608 3623; x_wconf 89' lang='lat' dir='ltr'><strong>in</strong></span> <span class='ocrx_word' id='word_1_139' title='bbox 646 3514 985 3631; x_wconf 87' lang='lat' dir='ltr'><strong>productionem</strong></span> <span class='ocrx_word' id='word_1_140' title='bbox 1027 3518 1303 3631; x_wconf 83' lang='lat' dir='ltr'><strong>piliformem</strong></span> <span class='ocrx_word' id='word_1_141' title='bbox 1349 3523 1652 3638; x_wconf 82' lang='lat' dir='ltr'><strong>longissimam</strong></span> <span class='ocrx_word' id='word_1_142' title='bbox 1696 3550 1898 3629; x_wconf 87' lang='lat' dir='ltr'><strong>extensa,</strong></span> <span class='ocrx_word' id='word_1_143' title='bbox 1934 3536 2146 3644; x_wconf 77' lang='lat' dir='ltr'><strong>capsula,</strong></span> 
     </span>
     <span class='ocr_line' id='line_1_22' title="bbox 564 3658 1368 3774; baseline 0.006 -30"><span class='ocrx_word' id='word_1_144' title='bbox 564 3683 708 3745; x_wconf 87' lang='lat' dir='ltr'><strong>erecta</strong></span> <span class='ocrx_word' id='word_1_145' title='bbox 738 3658 1069 3772; x_wconf 88' lang='lat' dir='ltr'><strong>subcylindrica</strong></span> <span class='ocrx_word' id='word_1_146' title='bbox 1096 3662 1368 3774; x_wconf 87' lang='lat' dir='ltr'><strong>longissima.</strong></span> 
     </span>
    </p>

    <p class='ocr_par' dir='ltr' id='par_1_5' title="bbox 506 3788 2108 4047">
     <span class='ocr_line' id='line_1_23' title="bbox 603 3788 2108 3917; baseline 0.008 -32"><span class='ocrx_word' id='word_1_147' title='bbox 603 3800 713 3886; x_wconf 88' lang='lat' dir='ltr'><strong>Hab·</strong></span> <span class='ocrx_word' id='word_1_148' title='bbox 751 3803 798 3887; x_wconf 94' lang='lat' dir='ltr'><strong>in</strong></span> <span class='ocrx_word' id='word_1_149' title='bbox 839 3800 1075 3887; x_wconf 86' lang='lat' dir='ltr'><strong>arboribus</strong></span> <span class='ocrx_word' id='word_1_150' title='bbox 1112 3804 1465 3917; x_wconf 84' lang='lat' dir='ltr'><strong>putrescentibus</strong></span> <span class='ocrx_word' id='word_1_151' title='bbox 1509 3804 1720 3893; x_wconf 79' lang='lat' dir='ltr'><strong>silvarum</strong></span> <span class='ocrx_word' id='word_1_152' title='bbox 1762 3809 1933 3898; x_wconf 87' lang='lat' dir='ltr'><strong>Insulae</strong></span> <span class='ocrx_word' id='word_1_153' title='bbox 1968 3788 2108 3899; x_wconf 76' lang='lat' dir='ltr'><strong>‘Bor-</strong></span> 
     </span>
     <span class='ocr_line' id='line_1_24' title="bbox 506 3945 1179 4047; baseline -0.006 -12"><span class='ocrx_word' id='word_1_154' title='bbox 506 3945 730 4035; x_wconf 88' lang='lat' dir='ltr'><strong>boniae.</strong></span> <span class='ocrx_word' id='word_1_155' title='bbox 799 4040 802 4047; x_wconf 42' lang='grc'>,</span> <span class='ocrx_word' id='word_1_156' title='bbox 1175 3952 1179 3957; x_wconf 78' lang='grc'><em>’</em></span> 
     </span>
    </p>

    <p class='ocr_par' dir='ltr' id='par_1_6' title="bbox 503 4088 2120 4637">
     <span class='ocr_line' id='line_1_25' title="bbox 623 4088 2103 4209; baseline 0.008 -38"><span class='ocrx_word' id='word_1_157' title='bbox 623 4088 673 4171; x_wconf 92' lang='lat' dir='ltr'><strong>ln</strong></span> <span class='ocrx_word' id='word_1_158' title='bbox 705 4114 879 4195; x_wconf 86' lang='lat' dir='ltr'><strong>nostro,</strong></span> <span class='ocrx_word' id='word_1_159' title='bbox 913 4092 1035 4208; x_wconf 87' lang='lat' dir='ltr'><strong>quod</strong></span> <span class='ocrx_word' id='word_1_160' title='bbox 1058 4093 1201 4207; x_wconf 86' lang='lat' dir='ltr'><strong>ipsum</strong></span> <span class='ocrx_word' id='word_1_161' title='bbox 1229 4093 1412 4209; x_wconf 90' lang='lat' dir='ltr'><strong>quidem</strong></span> <span class='ocrx_word' id='word_1_162' title='bbox 1440 4095 1591 4197; x_wconf 90' lang='lat' dir='ltr'><strong>„inter</strong></span> <span class='ocrx_word' id='word_1_163' title='bbox 1608 4124 1779 4193; x_wconf 82' lang='lat' dir='ltr'><strong>muscos</strong></span> <span class='ocrx_word' id='word_1_164' title='bbox 1805 4130 1956 4185; x_wconf 87' lang='lat' dir='ltr'><strong>ontnes</strong></span> <span class='ocrx_word' id='word_1_165' title='bbox 1982 4097 2103 4185; x_wconf 87' lang='lat' dir='ltr'><strong>foliis</strong></span> 
     </span>
     <span class='ocr_line' id='line_1_26' title="bbox 505 4230 2114 4348; baseline 0.008 -30"><span class='ocrx_word' id='word_1_166' title='bbox 505 4230 766 4345; x_wconf 86' lang='lat' dir='ltr'><strong>longissimis</strong></span> <span class='ocrx_word' id='word_1_167' title='bbox 803 4232 990 4345; x_wconf 89' lang='lat' dir='ltr'><strong>gaudere</strong></span> <span class='ocrx_word' id='word_1_168' title='bbox 1028 4234 1273 4339; x_wconf 85' lang='lat' dir='ltr'><strong>videtur,“</strong></span> <span class='ocrx_word' id='word_1_169' title='bbox 1312 4237 1420 4321; x_wconf 82' lang='lat' dir='ltr'><strong>folia</strong></span> <span class='ocrx_word' id='word_1_170' title='bbox 1447 4266 1529 4322; x_wconf 89' lang='lat' dir='ltr'><strong>nec</strong></span> <span class='ocrx_word' id='word_1_171' title='bbox 1559 4241 1835 4328; x_wconf 87' lang='lat' dir='ltr'><strong>subsecunda</strong></span> <span class='ocrx_word' id='word_1_172' title='bbox 1853 4303 1866 4348; x_wconf 91' lang='lat'><strong>,</strong></span> <span class='ocrx_word' id='word_1_173' title='bbox 1900 4274 1980 4329; x_wconf 88' lang='lat' dir='ltr'><strong>nec</strong></span> <span class='ocrx_word' id='word_1_174' title='bbox 2010 4244 2114 4331; x_wconf 80' lang='lat' dir='ltr'><strong>basi</strong></span> 
     </span>
     <span class='ocr_line' id='line_1_27' title="bbox 504 4373 2120 4503; baseline 0.007 -43"><span class='ocrx_word' id='word_1_175' title='bbox 504 4375 589 4460; x_wconf 85' lang='lat' dir='ltr'><strong>lata</strong></span> <span class='ocrx_word' id='word_1_176' title='bbox 618 4374 923 4489; x_wconf 90' lang='lat' dir='ltr'><strong>amplectente,</strong></span> <span class='ocrx_word' id='word_1_177' title='bbox 958 4406 1037 4462; x_wconf 90' lang='lat' dir='ltr'><strong>nec</strong></span> <span class='ocrx_word' id='word_1_178' title='bbox 1064 4408 1201 4461; x_wconf 91' lang='lat' dir='ltr'><strong>nervo</strong></span> <span class='ocrx_word' id='word_1_179' title='bbox 1229 4408 1373 4464; x_wconf 89' lang='lat' dir='ltr'><strong>crasso</strong></span> <span class='ocrx_word' id='word_1_180' title='bbox 1405 4380 1637 4492; x_wconf 81' lang='lat' dir='ltr'><strong>praedita3</strong></span> <span class='ocrx_word' id='word_1_181' title='bbox 1668 4416 1813 4503; x_wconf 90' lang='lat' dir='ltr'><strong>neque</strong></span> <span class='ocrx_word' id='word_1_182' title='bbox 1838 4410 1927 4473; x_wconf 83' lang='lat' dir='ltr'><strong>seta</strong></span> <span class='ocrx_word' id='word_1_183' title='bbox 1955 4373 2120 4474; x_wconf 68' lang='lat' dir='ltr'><strong>theca-s</strong></span> 
     </span>
     <span class='ocr_line' id='line_1_28' title="bbox 503 4515 2101 4637; baseline 0.012 -41"><span class='ocrx_word' id='word_1_184' title='bbox 503 4545 554 4623; x_wconf 83' lang='lat' dir='ltr'><strong>ve</strong></span> <span class='ocrx_word' id='word_1_185' title='bbox 579 4515 871 4625; x_wconf 85' lang='lat' dir='ltr'><strong>longissimae,</strong></span> <span class='ocrx_word' id='word_1_186' title='bbox 901 4515 978 4601; x_wconf 91' lang='lat' dir='ltr'><strong>sed</strong></span> <span class='ocrx_word' id='word_1_187' title='bbox 1004 4519 1149 4631; x_wconf 80' lang='lat' dir='ltr'><strong>potIus</strong></span> <span class='ocrx_word' id='word_1_188' title='bbox 1179 4522 1348 4605; x_wconf 86' lang='lat' dir='ltr'><strong>ratione</strong></span> <span class='ocrx_word' id='word_1_189' title='bbox 1375 4522 1522 4637; x_wconf 88' lang='lat' dir='ltr'><strong>stirpis</strong></span> <span class='ocrx_word' id='word_1_190' title='bbox 1554 4526 1709 4613; x_wconf 89' lang='lat' dir='ltr'><strong>breves</strong></span> <span class='ocrx_word' id='word_1_191' title='bbox 1741 4554 1785 4615; x_wconf 89' lang='lat' dir='ltr'><strong>et</strong></span> <span class='ocrx_word' id='word_1_192' title='bbox 1805 4558 1979 4619; x_wconf 83' lang='lat' dir='ltr'><strong>macrae</strong></span> <span class='ocrx_word' id='word_1_193' title='bbox 1999 4554 2101 4622; x_wconf 78' lang='lat' dir='ltr'><strong>sunt</strong></span> 
     </span>
    </p>

    <p class='ocr_par' dir='ltr' id='par_1_7' title="bbox 370 4654 2095 5227">
     <span class='ocr_line' id='line_1_29' title="bbox 370 4654 2021 4777; baseline 0.001 -34"><span class='ocrx_word' id='word_1_194' title='bbox 370 4676 375 4679; x_wconf 82' lang='grc'><strong>’</strong></span> <span class='ocrx_word' id='word_1_195' title='bbox 506 4654 789 4771; x_wconf 82' lang='lat' dir='ltr'><strong>reputandae.</strong></span> <span class='ocrx_word' id='word_1_196' title='bbox 1363 4675 1368 4682; x_wconf 82' lang='grc'><strong>’</strong></span> <span class='ocrx_word' id='word_1_197' title='bbox 1624 4654 1647 4777; x_wconf 40' lang='lat' dir='ltr'><strong><em>f</em></strong></span> <span class='ocrx_word' id='word_1_198' title='bbox 2018 4690 2021 4694; x_wconf 71' lang='grc'><em>’</em></span> 
     </span>
     <span class='ocr_line' id='line_1_30' title="bbox 602 4797 2094 4935; baseline 0.015 -54"><span class='ocrx_word' id='word_1_199' title='bbox 602 4799 738 4885; x_wconf 84' lang='lat' dir='ltr'><strong>lnter</strong></span> <span class='ocrx_word' id='word_1_200' title='bbox 763 4797 955 4935; x_wconf 89' lang='lat' dir='ltr'><strong>Dicrana</strong></span> <span class='ocrx_word' id='word_1_201' title='bbox 980 4806 1167 4925; x_wconf 79' lang='lat' dir='ltr'><strong>genuina</strong></span> <span class='ocrx_word' id='word_1_202' title='bbox 1188 4808 1259 4889; x_wconf 82' lang='lat' dir='ltr'><strong>vix</strong></span> <span class='ocrx_word' id='word_1_203' title='bbox 1278 4807 1333 4893; x_wconf 92' lang='lat' dir='ltr'><strong>D.</strong></span> <span class='ocrx_word' id='word_1_204' title='bbox 1355 4809 1463 4896; x_wconf 91' lang='lat' dir='ltr'><strong>Bill</strong></span> <span class='ocrx_word' id='word_1_205' title='bbox 1478 4814 1693 4901; x_wconf 85' lang='lat' dir='ltr'><strong>ardieri</strong></span> <span class='ocrx_word' id='word_1_206' title='bbox 1716 4818 1789 4903; x_wconf 90' lang='lat' dir='ltr'><strong>Br.</strong></span> <span class='ocrx_word' id='word_1_207' title='bbox 1813 4820 1936 4935; x_wconf 82' lang='lat' dir='ltr'><strong>Sper.</strong></span> <span class='ocrx_word' id='word_1_208' title='bbox 1957 4821 2094 4907; x_wconf 74' lang='lat' dir='ltr'><strong>Musc.</strong></span> 
     </span>
     <span class='ocr_line' id='line_1_31' title="bbox 441 4939 2093 5075; baseline 0.018 -56"><span class='ocrx_word' id='word_1_209' title='bbox 441 5007 444 5018; x_wconf 78' lang='grc'>,</span> <span class='ocrx_word' id='word_1_210' title='bbox 500 4941 531 5023; x_wconf 92' lang='grc' dir='ltr'><strong>Ι.</strong></span> <span class='ocrx_word' id='word_1_211' title='bbox 564 4970 608 5053; x_wconf 86' lang='lat' dir='ltr'><strong>p.</strong></span> <span class='ocrx_word' id='word_1_212' title='bbox 636 4972 726 5055; x_wconf 71' lang='lat'>¹27·</span> <span class='ocrx_word' id='word_1_213' title='bbox 772 4942 926 5045; x_wconf 91' lang='lat' dir='ltr'><strong>„soliis</strong></span> <span class='ocrx_word' id='word_1_214' title='bbox 953 4939 1203 5057; x_wconf 83' lang='lat' dir='ltr'><strong>longissime</strong></span> <span class='ocrx_word' id='word_1_215' title='bbox 1241 4947 1407 5034; x_wconf 74' lang='lat' dir='ltr'><strong>falcatis</strong></span> <span class='ocrx_word' id='word_1_216' title='bbox 1430 4954 1607 5043; x_wconf 84' lang='lat' dir='ltr'><strong>thecave</strong></span> <span class='ocrx_word' id='word_1_217' title='bbox 1633 4958 1885 5062; x_wconf 78' lang='lat' dir='ltr'><strong>strumifera</strong></span> <span class='ocrx_word' id='word_1_218' title='bbox 1908 4964 2093 5075; x_wconf 81' lang='lat' dir='ltr'><strong>insigne,</strong></span> 
     </span>
     <span class='ocr_line' id='line_1_32' title="bbox 500 5076 2095 5227; baseline 0.015 -66"><span class='ocrx_word' id='word_1_219' title='bbox 500 5110 644 5194; x_wconf 88' lang='lat' dir='ltr'><strong>neque</strong></span> <span class='ocrx_word' id='word_1_220' title='bbox 687 5083 818 5193; x_wconf 83' lang='lat' dir='ltr'><strong>magis</strong></span> <span class='ocrx_word' id='word_1_221' title='bbox 864 5079 917 5166; x_wconf 91' lang='lat' dir='ltr'><strong>D.</strong></span> <span class='ocrx_word' id='word_1_222' title='bbox 964 5084 1308 5175; x_wconf 79' lang='lat' dir='ltr'><strong>brevisetttm</strong></span> <span class='ocrx_word' id='word_1_223' title='bbox 1356 5076 1516 5227; x_wconf 27' lang='lat' dir='ltr'><strong>Metlo-</strong></span> <span class='ocrx_word' id='word_1_224' title='bbox 1547 5098 1738 5188; x_wconf 86' lang='lat' dir='ltr'><strong>Muscor.</strong></span> <span class='ocrx_word' id='word_1_225' title='bbox 1787 5134 1832 5217; x_wconf 85' lang='lat' dir='ltr'><strong>p.</strong></span> <span class='ocrx_word' id='word_1_226' title='bbox 1873 5104 1969 5212; x_wconf 63' lang='lat'><strong>56„</strong></span> <span class='ocrx_word' id='word_1_227' title='bbox 2004 5106 2095 5190; x_wconf 87' lang='lat' dir='ltr'><strong>-cni</strong></span> 
     </span>
    </p>
   </div>
   <div class='ocr_carea' id='block_1_3' title="bbox 0 0 2350 6137">
    <p class='ocr_par' dir='ltr' id='par_1_8' title="bbox 0 0 2350 6137">
     <span class='ocr_line' id='line_1_33' title="bbox 0 0 2350 6137; baseline 0 0"><span class='ocrx_word' id='word_1_228' title='bbox 0 0 2350 6137; x_wconf 95' lang='lat' dir='ltr'><strong> </strong></span> 
     </span>
    </p>
   </div>
  </div>
 </body>
</html>
