4692 6142
1682 595 1811 682 nni·

148 939 154 960 ἱ
226 888 231 897 .
297 829 441 924 Magnis
466 826 1015 948 leriisanniMDCCCXVul
1037 857 1119 906 cum
1137 835 1256 908 amico
1278 852 1366 908 van
1384 833 1579 911 Hasselt
1606 839 1678 912 iter
1699 843 1799 937 pedi·

198 970 266 1038 bus
291 989 359 1060 per
384 963 622 1038 Germaniam
645 961 746 1036 fecit.
796 964 977 1040 Extremo
1002 967 1098 1066 lunii
1123 970 1185 1040 die
1210 970 1403 1066 Groninga
1412 973 1658 1047 discesserunt
1671 988 1709 1048 et
1724 956 1799 1050 iam

199 1099 312 1170 tertio
341 1099 401 1168 die
420 1108 501 1190 post
529 1096 730 1171 discessum
746 1096 964 1172 Bremam
987 1102 1204 1194 attigerunt,
1233 1116 1349 1176 seret
1372 1105 1523 1198 triginta
1543 1093 1721 1178 horarum
1740 1111 1799 1180 iti·

199 1203 289 1304 nere
312 1256 332 1301 a
352 1231 542 1323 Groningu
562 1230 656 1303 urbe
676 1231 907 1326 disiunctum,
933 1234 997 1304 ubi
1017 1237 1063 1306 ab
1079 1234 1324 1324 Albersio,
1353 1236 1614 1311 Trevirano
1633 1240 1799 1312 etMer·

198 1366 372 1454 tensio,
399 1365 489 1436 viris
510 1363 742 1456 doctissimis,
769 1363 926 1460 benigne
945 1369 1088 1461 excepti
1105 1379 1201 1438 sunt.
1246 1367 1418 1440 Museum
1438 1370 1551 1442 huius
1564 1371 1667 1442 urbis
1685 1374 1798 1467 possi·

198 1503 309 1572 debat
326 1498 545 1592 singularem
562 1509 775 1594 apparatum
796 1498 1039 1593 zoologicum,
1065 1523 1135 1572 nec
1152 1524 1256 1572 secus
1281 1524 1448 1574 museum
1470 1501 1703 1596 Albensii,
1730 1506 1819 1594 sal„

197 1645 271 1706 tem
291 1635 389 1728 quod
418 1632 637 1704 anatomiam
661 1643 910 1726 comparatam
929 1625 1077 1722 attinet,
1099 1635 1208 1706 rebus
1236 1635 1428 1706 rarissimis
1449 1629 1634 1709 affluebat
1697 1636 1797 1708 Tum

197 1743 415 1838 Kuhlins
452 1774 578 1836 noster
617 1764 763 1856 omnia,
803 1789 897 1860 quae
933 1767 969 1836 ei
983 1765 1248 1852 'memorabilia
1279 1766 1356 1839 risa
1379 1779 1489 1856 sunt,
1522 1769 1660 1863 scripto
1693 1792 1797 1840 man·

197 1900 308 1970 davit.
345 1898 507 1969 Brema
531 1915 599 1990 per
624 1895 812 1968 cellam
830 1899 980 1970 iverunt
997 1897 1335 1989 Brunsvioum,
1362 1899 1488 1993 ibique
1503 1921 1669 1972 mineum
1688 1901 1797 1974 Prin·

198 2034 314 2126 cipis,
349 2030 619 2124 amphibiorum
646 2039 685 2101 et
709 2032 999 2104 anatomicorum
1025 2041 1064 2098 et
1087 2031 1398 2125 osteologicorum
1421 2043 1707 2127 praeparatuum
1732 2035 1796 2106 di-

198 2165 399 2254 tissimum,
445 2164 543 2260 quod
576 2164 687 2235 simul
734 2163 912 2236 maximas
950 2186 1037 2258 opes
1073 2164 1357 2259 ornithologicas
1392 2179 1539 2258 servat,
1589 2167 1795 2240 visitarunt.

198 2297 292 2367 Inde
321 2297 397 2367 aine
433 2317 539 2368 mora
574 2294 850 2368 Berolinum
877 2305 963 2368 sunt
986 2295 1166 2390 profecti,
1193 2320 1266 2392 qno
1291 2299 1454 2373 secundo
1480 2277 1540 2374 vel
1565 2300 1679 2372 tertio
1710 2301 1796 2372 lulii

199 2429 259 2500 die
285 2441 545 2526 pervenerunt.
1391 2510 1403 2541 ι
1870 2510 1877 2517 ,

299 2565 429 2638 Statim
455 2575 539 2661 post
559 2566 758 2638 adventum
775 2566 822 2636 ad
848 2564 1289 2638 Lichtensteinium
1314 2583 1355 2633 se
1381 2563 1639 2652 contuderunt,
1667 2586 1792 2658 quem,
1905 2616 1917 2639 .

197 2711 240 2772 ut
276 2703 350 2772 iam
383 2700 527 2771 duobus
559 2709 644 2772 ante
678 2701 780 2770 annis
812 2705 1084 2792 cognoverant,
1120 2691 1424 2764 humanissimum
1454 2696 1578 2769 virum
1610 2694 1795 2789 simulque

197 2843 236 2902 et
275 2831 526 2902 doctissimum
556 2832 781 2902 invenerunt
818 2843 973 2902 naturae
1006 2825 1219 2898 animalium
1250 2838 1504 2900 scmtatorem.
1558 2827 1798 2918 ”consuescit

199 2965 414 3056 nobiscum,
427 2991 444 3028 «
491 2963 636 3058 scripsit
659 2962 821 3034 Kuhlius
846 2965 893 3034 ad
917 2961 1223 3052 Swinderenum,
1248 2960 1435 3032 nonnullis
1460 2960 1591 3033 diebus
1614 2936 1712 3056 post*
1729 2963 1795 3034 ad·

199 3107 372 3186 ventum,
403 3095 506 3167 »lere
531 3105 703 3191 tanquam
728 3118 812 3167 oum
835 3096 980 3166 liberis:
1006 3117 1149 3190 quaque
1174 3094 1271 3166 hora
1295 3094 1402 3166 nobis
1419 3093 1538 3166 aditus
1557 3094 1605 3165 ad
1626 3117 1796 3168 museum

198 3229 357 3320 Regium
396 3240 433 3300 et
474 3229 521 3298 ad
557 3228 819 3299 bibliothecam
864 3227 1232 3298 Lichtensteinii
1255 3227 1445 3320 propriam
1481 3247 1677 3298 concessus
1713 3239 1792 3323 cst,

198 3363 342 3456 saepius
368 3361 480 3432 etiam
506 3385 589 3452 cum
616 3384 661 3432 eo
686 3361 831 3432 coenati
852 3383 1011 3432 sumusa«

301 3494 361 3564 Sic
387 3492 583 3566 nonnullas
608 3493 876 3584 hebdomadas,
903 3495 943 3564 in
968 3492 1090 3564 studia
1112 3493 1396 3588 prudentissimo
1421 3505 1632 3589 temporum
1647 3515 1718 3567 usu
1736 3495 1794 3566 in·

199 3630 434 3719 cumbentes,
481 3625 648 3698 Berolini
679 3636 956 3720 transegerunt,
1028 3645 1160 3696 uarum
1195 3626 1373 3720 postremi
1409 3625 1486 3696 dica
1522 3627 1712 3720 graviores
1739 3627 1792 3722 iis

198 3760 287 3832 facti
319 3772 405 3830 sunt
429 3758 763 3849 Tamminckii,
804 3759 877 3832 riri
902 3757 1119 3846 clarissimi,
1157 3757 1347 3840 adventu„
1382 3755 1474 3830 Inde
1497 3756 1691 3848 Halam,
1727 3759 1804 3832 ubi·

199 3892 265 3963 cel.
299 3891 618 3980 Nitzschium,
658 3889 935 3982 Professorem,
972 3901 1011 3961 et
1044 3901 1188 3961 ceteros
1228 3892 1267 3962 in
1306 3891 1497 3986 disciplina
1530 3915 1597 3963 sna
1632 3892 1792 3986 praecla-

200 4049 262 4095 ros
295 4027 396 4098 viros
429 4047 661 4116 convenere,
695 4024 930 4119 Lipsiam,
966 4025 1195 4095 Dresdam
1232 4035 1271 4095 et
1300 4026 1340 4094 in
1366 4026 1646 4096 Saxonicum
1671 4024 1793 4106 Hel·

201 4161 384 4248 vatiam,
412 4159 571 4252 denique
596 4157 752 4229 lenam
775 4158 935 4252 profecti
959 4167 1067 4247 sunt,
1095 4158 1254 4250 benigne
1278 4156 1413 4250 ubique
1439 4168 1477 4229 et
1502 4157 1616 4260 arnice
1641 4159 1792 4250 accepti.

301 4289 423 4360 Etiam
447 4289 766 4362 Naumannum
793 4291 863 4362 hoc
887 4292 927 4362 in
951 4292 1086 4364 itinere
1110 4291 1197 4363 visit
1222 4289 1461 4381 Kuhlius,
1489 4302 1528 4361 ct
1553 4289 1790 4397 verecundia,
1925 4296 1931 4306 “

202 4443 311 4517 quam
342 4423 414 4490 iam
449 4407 554 4494 ante'a
588 4447 676 4517 erga
708 4425 829 4500 virum
864 4419 1041 4514 habebat,
1086 4423 1346 4514 nuncetiam,
1395 4445 1480 4494 cum
1513 4421 1563 4494 de
1587 4418 1682 4493 facie
1706 4445 1791 4493 eum

201 4565 450 4647 cognosceret,
473 4568 577 4625 aucta
596 4568 660 4628 est„
701 4557 797 4627 Cum
816 4558 1104 4650 praeterlapsum
1120 4569 1266 4651 tempus
1280 4558 1422 4628 itineris
1445 4555 1709 4630 Honoriam
1728 4578 1791 4629 cos

201 4697 366 4776 vocaret,
393 4687 492 4777 quod
516 4687 676 4766 restabat
699 4692 876 4783 temporis
901 4687 1102 4782 seriarum,
1128 4691 1166 4762 in
1193 4692 1305 4762 domo
1332 4689 1459 4760 Kuhlii
1483 4689 1599 4782 patris
1624 4709 1791 4758 consum·

203 4828 354 4907 serunt,
381 4818 640 4913 praeterquam
654 4817 917 4918 quod‘brerem
933 4826 1190 4896 excursionem
1208 4822 1497 4916 Heidelbergam
1517 4821 1701 4906 lecerunt,
1726 4819 1792 4890 ubi

202 4919 557 5023 'Piedemannus
592 4953 787 5026 admodum
812 4957 916 5029 utilia
940 4958 985 5030 iis
1010 4957 1111 5029 dedit
1134 4967 1349 5050 praesepta,
1395 4951 1450 5027 ad'
1475 4952 1680 5040 mittum,
1720 4973 1792 5045 (ὶῑῑ8

201 5086 382 5155 anatomia
406 5096 617 5181 comparata
640 5089 852 5164 animalium
876 5071 1067 5164 tractanda
1095 5089 1164 5183 sit,
1192 5088 1404 5185 spectantia.
