4692 6142
1686 651 1811 714 nm

199 867 410 972 partemin
436 865 577 962 cestria,
607 869 655 942 ad
669 863 841 943 Rb'enum
867 881 906 942 et
930 866 1032 942 maus
1058 871 1128 952 boc
1153 869 1293 944 flumen
1316 870 1472 967 positis,
1508 867 1807 964 monarchae,

203 1033 417 1110 supremum
453 1007 635 1080 exereitus
671 999 870 1104 imperium
895 1007 1077 1100 gerentis,
1098 1005 1146 1078 ad
1179 1007 1280 1078 latus
1303 1005 1518 1103 permansit.
1570 1005 1665 1078 Belli
1691 1009 1808 1080 ricia-

204 1137 421 1215 situdinibus
446 1163 514 1238 per
538 1144 739 1215 triennium
766 1142 846 1213 lere
878 1143 1041 1235 gustatis,
1070 1165 1185 1238 quum
1209 1142 1299 1214 Rex
1323 1140 1404 1213 lani
1427 1118 1608 1236 templum
1628 1142 1810 1215 claudere

204 1282 404 1374 pacemque
431 1267 516 1349 cum
543 1275 662 1348 Gallis
700 1300 926 1373 componere
953 1273 1199 1366 decrevisset,
1235 1274 1650 1367 Hardenbergium
1678 1275 1809 1370 elegit,

204 1415 263 1524 cui
289 1413 602 1486 nocentissimum
629 1411 999 1508 pulcherrimumque
1019 1411 1269 1482 conciliatoris
1305 1411 1404 1506 pacis
1437 1432 1570 1480 munus
1603 1409 1807 1502 conferret,

200 1547 407 1644 Eumque
431 1547 531 1618 huuc
556 1548 596 1618 in
621 1543 734 1619 finem
767 1521 903 1641 legavit
935 1543 1133 1636 Basileon,
1162 1543 1205 1618 ut
1229 1544 1282 1616 ibi
1309 1569 1392 1616 cum
1418 1546 1546 1638 legatis
1571 1540 1710 1638 gallicis
1735 1565 1808 1638 pa-

202 1671 429 1754 cisceretur(
469 1681 556 1772 Quo
596 1681 745 1778 quidem
789 1680 938 1772 negotio
977 1681 1169 1751 notissimo
1203 1705 1288 1751 curu
1331 1701 1502 1750 successu
1549 1678 1806 1773 perfungendo

199 1816 334 1888 Reme
359 1815 530 1912 plausum
556 1817 783 1910 gratiamque
809 1837 989 1886 summam
1017 1813 1196 1905 obtinuit,
1232 1826 1270 1885 et
1289 1816 1332 1905 fin
1358 1835 1495 1887 novam
1513 1813 1592 1884 eius
1618 1811 1805 1906 significa-

198 1954 338 2024 tionem
376 1951 486 2045 Regii
519 1949 659 2022 ordinis
685 1950 825 2044 aquilae
858 1951 984 2044 nigrae
1016 1949 1218 2044 insignibus
1254 1959 1407 2024 ornatus
1430 1959 1497 2018 est.
1550 1943 1652 2019 'Pom
1675 1946 1716 2016 in
1740 1947 1804 2018 di-

205 2085 319 2156 lectas
345 2096 463 2156 terras
489 2081 720 2158 marceniae
746 2084 1090 2178 Brandenburgicas
1118 2105 1302 2175 reversus,
1337 2082 1502 2178 pristinis
1526 2081 1804 2178 gubernationis

200 2217 331 2290 officiis
346 2219 502 2314 pristino
518 2243 602 2291 cum
617 2217 711 2310 zelo,
735 2219 840 2291 novis
861 2217 1047 2290 laboribus
1063 2230 1184 2308 aucto„
1209 2219 1366 2308 vacavit,
1385 2227 1424 2289 et
1436 2225 1513 2287 non
1540 2214 1806 2287 solumrnultas

198 2351 281 2422 lites
293 2403 304 2445 ,
333 2373 427 2447 quse
461 2353 536 2425 iam
569 2352 714 2448 pridem
747 2377 833 2426 eum
856 2351 1021 2425 finitimis
1055 2353 1216 2448 dynastis
1241 2349 1527 2444 civitatibusque
1551 2348 1801 2439 habebantur,

197 2483 357 2560 feliciter
381 2487 603 2583 composuit,
630 2487 697 2561 sed
720 2490 883 2585 ipsarum
906 2489 1181 2584 provinciarum
1201 2485 1434 2554 territorium
1448 2482 1612 2574 plurium
1628 2505 1803 2575 agrorum

198 2607 494 2717 oppidorumque
535 2622 775 2716 acquisitione
815 2621 1031 2717 ampliavit,
1058 2639 1139 2687 ¹nec
1175 2637 1251 2685 non
1283 2614 1434 2706 politiae
1471 2611 1640 2706 publicae
1673 2616 1805 2708 reique

194 2755 447 2849 pecuniariae,
463 2755 677 2843 saltuariae,
705 2767 742 2825 et
768 2777 862 2849 quae
886 2754 958 2824 alia
983 2753 1030 2823 ad
1056 2751 1150 2823 bene
1174 2747 1385 2820 ordinatum
1413 2745 1639 2840 reipublicae
1663 2758 1801 2820 statum

195 2854 397 2978 pertinent,
432 2885 499 2956 sub
525 2883 779 2980 procinctuum
805 2886 1102 2978 dignissimorum
1127 2905 1216 2954 cura
1240 2880 1406 2976 proficue
1431 2881 1678 2974 exstruendis,
1706 2905 1805 2976 ope-

197 3039 278 3090 ram
304 3018 495 3118 impendit

259 3151 345 3221 'Sed
365 3173 442 3221 nou
454 3149 519 3222 diu
533 3151 689 3246 amplius
708 3175 879 3224 concessa
895 3163 974 3222 erat
990 3149 1223 3222 Franconiae
1236 3151 1454 3222 Borussicae
1471 3150 1602 3221 incolis
1615 3149 1798 3244 uoluptas,

192 3283 435 3356 Moderatore
462 3305 590 3357 rerum
615 3307 789 3374 suarum,
817 3285 854 3356 in
881 3285 1006 3358 medio
1028 3287 1196 3380 ipsorum
1222 3282 1423 3374 residente,
1451 3285 1641 3378 utiposse.
1679 3281 1800 3376 Regni

195 3419 293 3490 enim
318 3420 471 3514 sceptris
487 3430 580 3514 post
599 3421 745 3491 obitum
772 3419 994 3490 Fuluuulcr
1020 3415 1236 3490 Gurununti
1263 3419 1321 3508 11,
1359 3417 1543 3514 gloriosae
1581 3418 1799 3508 memoriae,

193 3555 232 3624 in
253 3575 383 3624 manus
402 3552 512 3624 Filii
529 3550 867 3648 Angustissimi,
894 3549 1118 3624 Furnanrer
1151 3549 1364 3624 Gmnnnur
1390 3550 1463 3642 ΙΙΙ,
1491 3550 1620 3622 naen
1642 3551 1798 3623 nostri

194 3684 553 3777 Potentissimi,
599 3683 858 3782 Patrisque
897 3683 1097 3757 Patriae
1137 3685 1503 3780 Benignissimi,
1544 3707 1655 3781 quem
1692 3683 1795 3760 Deus

193 3820 301 3892 nobis
332 3831 457 3895 servet
479 3821 705 3915 sospitetque
732 3843 841 3916 quam
856 3819 1071 3906 diutissime,
1099 3821 1387 3912 transeuntibus,
1414 3821 1540 3896 variae
1574 3819 1796 3892 mutationes

193 3956 233 4027 in
258 3954 409 4049 siugulis
444 3955 772 4027 administrationis
805 3977 935 4027 rerum
961 3954 1274 4028 Francouicarum
1300 3957 1466 4049 partibus
1493 3955 1662 4026 decretae
1688 3963 1789 4043 sunt,

192 4087 403 4186 placuitque
428 4087 537 4162 Rucl
562 4085 757 4186 Optimo
784 4113 918 4164 nccare
935 4078 1040 4162 ¹urum
1071 4093 1165 4186 1798
1190 4089 1480 4162 lllustrissimum
1498 4085 1793 4158 Hardenber-

191 4223 315 4316 gium
341 4223 582 4317 Beroliuum,
619 4236 661 4298 ut
685 4225 739 4298 ibi
769 4225 893 4298 locum
920 4239 1128 4321 capesseret
1151 4227 1191 4296 in
1216 4224 1396 4296 interiore
1423 4223 1547 4293 Statua
1572 4219 1791 4313 Domusque

193 4353 332 4449 Regiae
366 4357 598 4450 Ministerio,
640 4359 889 4432 continuando
919 4359 1031 4432 simul
1066 4357 1273 4455 supremam
1313 4361 1451 4429 rarum
1479 4354 1794 4426 Frsneonicarum'

194 4511 302 4585 quam
321 4489 565 4585 plurimarum
582 4493 887 4566 moderationem.
913 4492 1028 4568 Annis
1041 4484 1632 4591 proxime‘sequ'entibusaliorum
1651 4490 1798 4580 quoque
1911 4523 1929 4538 κ

195 4623 488 4697 ministeriorum
523 4627 756 4726 publicorum
790 4641 913 4725 partes
939 4629 1119 4724 suscepit,
1160 4625 1432 4722 solutionesque
1465 4621 1633 4719 politicas
1656 4632 1696 4688 et
1719 4641 1820 4688 ne-.
1897 4655 1901 4660 ·

191 4756 289 4850 gotia
314 4755 486 4832 Coronae
511 4761 728 4835 Borussicae
754 4785 838 4834 curn
864 4765 986 4857 regnis
1012 4762 1328 4858 potestatibusque
1352 4757 1539 4830 extraneis
1561 4755 1724 4849 primum
1743 4766 1803 4823 ex'

191 4889 313 4986 purte,
341 4893 490 4985 deiude,
518 4881 836 4969 Excellentissinio
864 4898 1010 4969 Comite
1035 4895 1346 4990 Huugwitaio
1372 4891 1492 4989 (nono
1510 4893 1633 4977 1804)
1656 4888 1705 4959 ab
1721 4885 1791 4958 hae

191 5025 384 5118 prouincia
410 5025 629 5119 decedente,
656 5027 787 5136 solus
812 5029 1021 5125 dirigeres
1059 5027 1174 5100 Runa
1210 5031 1328 5101 iussus
1354 5040 1421 5100 est.
1473 5027 1517 5099 ln
1540 5047 1615 5119 quo
1640 5020 1791 5120 quidem

191 5155 416 5254 Ministerio‚
431 5161 596 5236 omnium
611 5162 771 5234 maxime
788 5157 919 5260 arduo,
942 5187 1060 5261 eoque
1071 5176 1284 5260 temporum
1299 5162 1456 5233 istorum
1474 5156 1719 5254 singularibus
1738 5154 1789 5229 ri·
1839 5237 1842 5241 ¹
